2856 4850
745 461 1019 559 -rc-'

321 652 559 724 scellaneorum
583 655 718 738 Didymi
742 657 911 724 adnotavit
929 657 1140 737 Ammonius,
1167 656 1226 720 sub
1251 653 1398 720 Alexio-

320 765 369 828 nis
402 764 536 832 nomine
569 762 721 846 producit
744 765 948 834 Eustathius
995 763 1097 847 Apud
1129 763 1289 842 eundem,
1323 761 1397 824 lide

320 869 599 938 Commentatoris
632 869 870 954 Bacchylidae,
903 853 1065 954 leguntur,
1099 892 1183 956 quae
1223 870 1281 934 sub
1323 869 1399 932 lide

319 978 455 1062 Didymi
479 979 567 1062 apud
591 987 750 1051 nostrum.
798 978 862 1062 Qui
886 981 1058 1046 verborum
1083 979 1279 1042 differentias
1309 977 1397 1040 data

256 1162 258 1173 .
320 1109 420 1170 opera
449 1089 589 1153 exsecuti
621 1088 759 1170 fuerint,
789 1088 1013 1171 Philoponum
1049 1089 1082 1154 ἐν
1105 1095 1148 1174 τῷ
1175 1089 1249 1172 περὶ
1271 1091 1399 1173 λέξεων

320 1192 482 1281 διαφόρως
498 1200 697 1280 τονουμένων
720 1203 752 1260 et
775 1197 981 1260 Herennium
996 1194 1169 1261 Philonem
1193 1194 1227 1260 ἓν
1249 1197 1291 1279 τη]
1315 1195 1396 1276 περὶ

322 1301 489 1388 διαφόρων
522 1308 764 1390 σημαινομένων
798 1309 961 1370 memorat
983 1300 1188 1382 Eustathius,
1222 1307 1269 1380 et,
1305 1319 1398 1382 quere

320 1431 359 1474 ex
373 1409 541 1475 Herennio
558 1411 689 1492 promit,
712 1410 827 1478 eadem
852 1433 920 1500 esse
943 1409 1092 1474 videntur
1109 1431 1183 1474 cum
1206 1408 1277 1488 illis,
1305 1427 1397 1490 (prae

320 1517 408 1600 apud
423 1516 643 1585 Ammonium
665 1525 832 1601 prostant;
857 1524 894 1583 ut
918 1517 999 1582 adeo
1024 1539 1088 1580 non
1111 1517 1180 1579 leve
1196 1515 1238 1578 sit
1263 1514 1398 1578 univer·

319 1647 393 1691 sum
410 1623 581 1693 Ammonii
604 1625 724 1691 librum
749 1625 792 1690 ad
816 1631 984 1690 auctorem
1000 1625 1205 1690 Herennium
1228 1621 1398 1685 referendi

320 1740 562 1816 argumentum.
610 1733 706 1798 Prius
730 1739 859 1815 tamen,
886 1755 984 1819 quam
1009 1754 1106 1815 prave
1130 1731 1307 1810 iudicetur,
1336 1753 1396 1794 eas

320 1841 563 1910 observationes
588 1841 787 1907 considerari
810 1842 915 1923 velim,
941 1863 1021 1926 quas
1046 1841 1211 1904 Herennio
1236 1845 1397 1919 acceptas

321 1949 422 2015 refert
437 1949 641 2015 Eustathius.
689 1949 771 2014 Illae
796 1952 929 2016 omnino
954 1955 1095 2034 quatuor
1120 1947 1330 2026 adnotantru,
1359 1948 1395 2008 in

321 2057 437 2143 quibus
462 2056 657 2140 declaratur,
683 2078 747 2142 quo
765 2056 914 2121 differant
931 2049 1023 2134 Αἶνος
1046 2063 1077 2120 et
1093 2059 1268 2142 Παροιμία,
1281 2045 1397 2138 Ἀρρω-

320 2170 387 2233 δεῖν
419 2171 451 2230 et
479 2158 660 2252 Ὀρρωδεῖν,
693 2162 882 2252 {depredatae
906 2171 938 2230 et
967 2162 1168 2250 Ἀσφοδελός,
1203 2162 1317 2248 ’Λονηρ
1361 2172 1396 2223 et

312 2272 469 2360 Ἄστρον,“
533 2274 627 2338 Hace
660 2274 801 2356 optime,
841 2295 946 2358 noque
980 2273 1101 2354 habeo,
1136 2270 1224 2355 quod
1256 2269 1395 2350 addam,
1426 2261 1427 2342 l

320 2386 552 2466 praeterquam
578 2380 667 2470 quod
683 2381 777 2446 Eust.
800 2385 894 2462 1727,
914 2387 954 2444 le
972 2380 1138 2446 Herennio
1161 2377 1282 2442 addicit
1299 2375 1394 2440 dille·
1426 2355 1427 2397 l

319 2489 460 2555 rentiam
477 2510 595 2556 vocum
620 2495 706 2578 Νῆες
730 2496 762 2554 et
778 2494 894 2571 Πλοῖα,
920 2511 1003 2574 quae
1028 2487 1209 2552 differentia
1232 2487 1299 2552 lere
1315 2507 1393 2568 gra-

319 2596 450 2660 vissima
474 2602 523 2660 est
547 2596 589 2659 ad
613 2595 698 2660 hanc
722 2597 946 2682 quaestionem
970 2593 1215 2659 decernendam.
1264 2591 1329 2658 Sed
1350 2593 1393 2656 de

322 2725 359 2768 eo
383 2709 510 2787 postea.
548 2704 637 2769 Nam
663 2727 702 2768 nc
727 2706 771 2768 sio
796 2704 927 2789 quidem
944 2703 1180 2772 Valckenacrio
1203 2704 1287 2769 ratio
1313 2724 1391 2768 τοο-

320 2817 395 2884 stat.
440 2810 533 2877 Audi
565 2812 664 2894 igitur
694 2833 793 2894 porro
818 2811 1109 2879 Valckenaerium:
1146 2810 1222 2893 „Ad
1246 2811 1392 2893 primam

322 2919 538 2984 differentiam
559 2941 676 2986 vocum
701 2921 792 2987 αἴνου
817 2925 848 2983 et
871 2924 1047 3006 παροιμίας
1063 2918 1256 2984 Eustathius
1274 2916 1393 2982 eadem

322 3027 431 3109 habet,
465 3049 550 3112 quae
580 3027 790 3109 Ammoniou,
823 3025 1032 3108 Archilochi,
1065 3025 1211 3108 Hesiodi,
1238 3033 1270 3090 et
1293 3024 1394 3090 Calli·

325 3134 433 3202 machi
456 3135 538 3218 loca,
568 3135 733 3203 Lucilium
761 3136 859 3200 etiam
885 3136 963 3198 citat
987 3133 1210 3215 Tarrhaeum,
1240 3134 1391 3200 universa

324 3249 434 3310 autem
460 3265 494 3308 se
518 3245 679 3327 accepisse
702 3250 842 3309 testatur
870 3243 911 3306 ab
940 3243 1107 3306 Herennio
1132 3243 1282 3324 Philone,
1317 3243 1393 3307 sub·
1424 3223 1425 3236 ¹

323 3352 477 3434 iungens:
526 3353 580 3418 καὶ
605 3351 695 3418 οὕτω
725 3351 785 3436 μὲν
816 3353 869 3418 καὶ
900 3354 990 3418 τοῦτο
1022 3355 1274 3436 κατεστρωμένον
1307 3348 1390 3417 ott-w

323 3461 422 3546 ῥητῶς
462 3457 496 3524 ἐν
532 3467 598 3536 τοῖς
626 3457 785 3543 Ἑρεννίου
818 3462 972 3535 Φίλωνος.
1035 3458 1130 3521 Itane
1162 3457 1260 3522 vero?
1315 3453 1392 3538 Age

323 3565 422 3630 luerit
437 3565 604 3630 Herennio
628 3567 785 3629 vetustior
805 3564 968 3652 Lucilius3
993 3564 1078 3629 hunc
1103 3563 1308 3647 descripserit
1323 3563 1392 3628 He·
1423 3621 1424 3624 ,

322 3673 473 3752 rennius3
504 3672 636 3737 licuitne
668 3671 756 3737 idern
788 3669 994 3740 Arrnnonio?
1031 3674 1086 3738 Ita
1110 3672 1234 3756 opinor.
1282 3668 1391 3753 Quid?

323 3801 388 3846 non
413 3780 610 3845 sententiam
633 3780 863 3845 Herennianao
887 3779 1131 3863 observationis,
1156 3779 1212 3843 sed
1238 3781 1308 3862 ipsa
1323 3780 1390 3844 He·
1423 3803 1424 3854 τ

322 3887 427 3950 rennii
453 3886 552 3951 verba
575 3889 675 3977 ῥητῶς
698 3886 790 3953 nobis
816 3887 951 3952 tradidit
966 3886 1179 3955 Eustathius:
1213 3887 1326 3976 Ῥητῶς
1355 3885 1390 3953 δὲ

319 3994 398 4060 κατὰ
430 3993 484 4061 τὸν
517 3993 658 4062 παλαιὸν
682 3996 783 4061 εἰπεῖν
806 3985 912 4079 (Αἶνος
943 3993 1021 4079 ἔστι)
1054 3992 1148 4077 λόγος,ι
1176 3994 1317 4076 μυλικὸς
1340 3993 1389 4059 ἕκ-

323 4103 506 4188 φερόμενος
530 4095 598 4171 α’πό
623 4094 748 4186 ᾰλόγων
780 4099 869 4172 ζῶων
902 4098 924 4190 ἠ
955 4106 1059 4188 μνιῶν
1096 4110 1180 4188 πρὸς
1210 4099 1389 4188 ἀνθρώπων
1422 4083 1423 4090 i
