2856 4850
525 431 744 499 -27-

65 611 190 682 innui.
245 610 342 690 Quod
365 618 469 676 totum
495 611 582 677 cadit
604 613 637 676 in
659 617 788 676 nostras
813 611 1029 686 collectiones.
1074 613 1163 681 Nam

64 719 251 802 doctrina,
285 740 368 802 quae
401 725 531 785 servata
562 727 611 786 est
642 719 676 782 in
706 719 795 783 libris
823 720 885 784 illis
914 720 1011 786 modo
1043 742 1162 788 nomen

65 824 275 908 Ammonii,
319 826 415 891 modo
454 825 611 892 Herennii
652 825 818 908 Philonis,
862 826 958 892 modo
998 826 1159 894 Simeonis

65 933 183 998 modo
214 933 396 998 Ptolemaei
420 932 642 1016 Ascalonitae,
667 931 764 998 modo
796 934 919 998 mdlum
951 957 1073 1004 nomen.
1096 937 1161 1000 iac·

66 1041 248 1124 tentibus
281 1047 374 1107 tanta
414 1042 480 1106 veri
518 1042 638 1124 specie,
678 1045 835 1124 quantam
872 1041 1017 1108 homines
1059 1043 1161 1127 philo-

65 1149 143 1230 logi
181 1149 317 1232 assequi
340 1155 490 1230 possunt,
521 1147 564 1213 ad
597 1154 748 1231 aetatem,
783 1169 866 1232 quae
897 1151 981 1216 inter
1012 1151 1160 1220 Heracli·

67 1257 157 1322 dem
213 1257 265 1320 vel
302 1255 531 1323 Ptolemaeum
569 1255 797 1322 Ascalonitam
848 1263 880 1321 et
927 1258 1157 1328 Herodianum

66 1364 241 1445 interest,
266 1363 379 1428 referri
404 1370 519 1449 potest.
567 1364 641 1430 Iam
674 1363 727 1428 adi
755 1363 803 1435 M.
827 1363 988 1447 Baegium
1016 1367 1056 1432 de
1081 1368 1160 1438 Pto·

68 1474 218 1538 lemaeo
249 1470 442 1538 Ascalonita
466 1469 700 1555 disputantem,
734 1471 814 1552 vide,
847 1495 948 1558 quam
971 1473 1073 1539 firmis
1106 1475 1160 1540 ille

69 1579 294 1662 argumentis
311 1577 541 1646 Ptolemaeum
564 1577 655 1642 initio
678 1579 776 1663 primi
800 1602 830 1664 p.
848 1578 883 1644 O.
910 1582 1030 1648 saeculi
1046 1583 1159 1648 vixisse

68 1685 366 1772 Heraclidemque
397 1685 495 1771 paulo
529 1685 690 1752 iuniorem
719 1685 817 1752 fuisse
853 1685 1069 1772 demonstret,
1105 1691 1159 1756 adi

72 1817 192 1879 porro
215 1793 362 1875 Suidam,
389 1795 446 1879 qui
468 1792 697 1859 Herodianum
718 1793 886 1860 Herennio
902 1793 1041 1862 Philone
1057 1798 1159 1868 iunio-

70 1922 152 1966 rem
180 1921 252 1965 esse
273 1899 416 1965 affirmat
436 1899 589 1986 idemque
610 1899 650 1963 de
671 1900 742 1985 ipso
759 1899 928 1968 Herennio
945 1902 1026 1970 haec
1041 1905 1157 1970 tradit:

74 2013 223 2088 „mittor
259 2007 409 2095 Βύβλιος.
449 2006 674 2093 γραμματικός.
711 1997 801 2084 orirer
840 2013 969 2094 γέγονεν
1007 2011 1061 2080 ἐπὶ
1095 2017 1156 2080 τῶν

71 2115 213 2200 χρόνων
236 2121 296 2182 τῶν
319 2116 407 2200 ἐγγὺς
430 2121 578 2202 Νέρωνος
595 2118 649 2182 καὶ
667 2141 741 2202 παρ.
760 2120 876 2199 ἔτεινεν
893 2121 939 2192 εἷς
954 2118 1076 2204 μακρόν
1094 2127 1155 2192 ete.

75 2226 169 2308 Περὶ
193 2227 248 2310 τῆς
271 2227 434 2310 βασιλείας
455 2221 625 2308 Ἀδριανοῦ,
651 2223 702 2308 ἐφ’
719 2219 757 2289 αὖ
778 2226 833 2290 καὶ
854 2211 895 2312 ἦν
918 2226 936 2292 ὃ
963 2232 1069 2296 Φίλαν
1093 2236 1153 2298 etc.

73 2352 194 2417 neque
216 2331 282 2396 iam
309 2330 482 2412 dubitabis,
509 2353 637 2396 mecum
661 2331 864 2397 Herennium
880 2333 1054 2402 Philonem
1080 2359 1156 2404 eum

74 2437 218 2519 habere,
254 2439 309 2523 qni
333 2459 415 2524 opus
438 2438 519 2503 illud
543 2438 662 2527 saeculi
685 2438 784 2524 primi
810 2440 981 2506 secundive
1006 2443 1157 2510 condide-

76 2547 138 2614 rit.
173 2545 265 2611 Neve
283 2567 320 2612 eo
338 2544 521 2627 offendaris,
547 2546 634 2632 quod
651 2547 804 2632 epitome,
830 2569 928 2634 quam
947 2549 1063 2617 Valck.
1081 2559 1157 2636 post

78 2653 308 2718 Ammoninm
332 2653 451 2738 publici
474 2654 552 2720 iuris
577 2655 661 2736 fecit,
686 2655 844 2720 Herennii
864 2654 1011 2724 Philonis
1035 2679 1157 2726 nomen

77 2761 231 2840 iactans,
271 2759 338 2824 fere
371 2762 518 2828 omnium
546 2763 736 2828 tenuissima
768 2771 826 2829 est.
878 2763 933 2851 (Id
968 2765 1053 2831 enim
1087 2787 1155 2832 mo·

77 2867 230 2933 nendum
256 2877 313 2950 est,
335 2871 489 2956 quoniam
512 2871 546 2936 id
569 2871 723 2936 iudicium
748 2873 889 2938 virorum
906 2871 1075 2940 doctorum
1098 2873 1154 2938 im-

78 2975 246 3057 pedivisse
269 2977 420 3064 videtur.)
466 2979 553 3043 Nam
577 2979 604 3041 si
628 2978 711 3042 duae
736 2979 905 3062 epitomae,
931 3001 1066 3066 quarum
1088 3002 1153 3045 una

82 3083 183 3147 alteri
207 3083 287 3148 nihil
311 3084 407 3149 debet
430 3085 487 3149 sed
511 3093 543 3150 et
567 3107 630 3150 rma
654 3093 686 3152 et
710 3087 814 3152 altere
836 3085 922 3152 idem
947 3107 1027 3170 opus
1045 3095 1156 3154 secuta

82 3197 145 3272 est,
174 3189 238 3254 duo
264 3191 389 3256 diversa
412 3196 543 3258 nomina
558 3195 761 3278 profitentur,
787 3197 889 3260 maius
912 3196 1061 3261 volumen
1076 3196 1155 3260 nihil

80 3297 174 3360 valet
205 3297 247 3360 ad
280 3301 510 3385 quaestionem,
545 3308 654 3366 utrum
684 3323 803 3367 nomen
834 3304 904 3368 iure
936 3305 1076 3386 positum
1101 3305 1153 3386 sit,

81 3403 334 3476 decernendam,
381 3407 558 3472 Praeterea
590 3415 698 3474 autem
727 3431 767 3474 ne
801 3410 1052 3476 obliviscendum
1086 3412 1154 3494 qui-

1 3575 2 3584 ,
81 3511 170 3593 dem,
196 3512 370 3578 Eustathio
404 3521 489 3579 certe
521 3516 743 3582 distinctiones
772 3517 853 3600 illas,
880 3541 962 3605 quae
995 3519 1154 3584 Herennii

1 3663 2 3672 a
80 3641 203 3684 nomen
226 3621 427 3704 profitentur,
454 3624 614 3706 epitomen
638 3623 858 3690 Ammoniana
886 3624 974 3690 haud
997 3627 1153 3693 minorem

83 3727 322 3811 suppeditasse,
354 3730 507 3816 illamque
539 3731 653 3796 Eranii
682 3733 843 3813 epitomen
875 3733 978 3815 ipsam
1015 3755 1054 3798 ex
1089 3735 1154 3800 alia

1 3919 2 3922 Ἴ
82 3838 227 3919 epitome
258 3836 353 3918 longe
385 3838 533 3904 uberiore
563 3840 742 3904 sublectam
770 3861 848 3904 esse.
902 3839 990 3924 (Hoc
1012 3841 1059 3906 ita
1083 3863 1152 3907 esse

78 3945 168 4007 infra
186 3943 485 4032 demonstrabitur.)
526 3946 618 4030 Quae
643 3970 714 4012 cum
737 3949 783 4014 ita
807 3949 881 4031 sint,
906 3949 1066 4032 persuade
1083 3950 1150 4033 tibi,

77 4052 204 4118 librum
227 4051 328 4134 illum,
354 4075 449 4137 quem
473 4055 618 4120 nonnulli
643 4055 768 4122 codices
792 4056 967 4122 Ammonio
991 4058 1150 4142 tribuunt,
