2856 4850
700 434 920 492 ..12.„

224 665 228 672 .
277 608 358 674 illud
383 608 682 694 „antiquissimum“
708 606 867 688 scholion,
893 608 980 692 quod
1002 608 1036 671 in
1066 605 1208 672 editione
1230 605 1364 672 Aldina

281 716 452 796 invenitur,
485 714 725 779 recentissimae
764 715 873 778 manui
910 715 1056 780 debetur.
1111 713 1232 779 Nullus
1272 715 1362 780 liber

278 824 516 907 manuscriptus
553 843 680 902 eorum,
722 842 803 906 quos
841 821 1034 886 Dindorfius
1074 828 1106 886 et
1141 822 1352 905 Duebnerus,
1419 888 1423 894 ,

279 930 473 996 scholiorum
499 928 816 1012 Aristophaneorum
848 928 999 1010 editores
1030 929 1064 992 in
1095 950 1189 994 usum
1212 929 1353 994 adhibu-

278 1045 382 1122 erunt,
406 1039 464 1103 illa
485 1036 584 1102 verba
607 1035 750 1115 exhibet,
784 1055 822 1098 ao
845 1057 886 1099 nc
910 1034 1054 1100 dubitari
1076 1034 1207 1120 quidem
1227 1043 1350 1120 potest,

279 1146 355 1232 quin
379 1165 479 1228 opera
501 1143 549 1212 M.
570 1136 710 1224 Musurij
735 1161 842 1224 aquo
868 1139 967 1205 editio
991 1140 1196 1206 Scholiorum
1219 1143 1347 1208 Aldina

281 1258 395 1317 curato
417 1258 480 1332 est,
504 1250 560 1314 illo
583 1249 655 1314 loco
679 1247 872 1314 Ammonius
897 1257 1175 1314 commemoretur.
1222 1249 1289 1316 Sed
1312 1251 1350 1316 id

281 1358 396 1429 Valck.
430 1378 534 1443 neque
561 1356 666 1437 scivit,
705 1375 810 1440 neque
846 1356 926 1420 scire
956 1359 1073 1439 potuit.
1131 1358 1353 1424 Nihilominus

278 1473 399 1530 temere
436 1465 512 1548 egit.
566 1463 654 1528 Nam
690 1463 740 1526 rel
772 1464 799 1526 si
831 1484 944 1527 revera
975 1463 1055 1527 illud
1088 1465 1232 1530 scholion
1266 1467 1352 1530 anti-

279 1571 451 1657 quissimae
488 1570 588 1635 aetati
624 1568 811 1650 deberetur,
852 1577 961 1634 tamen
995 1593 1058 1634 non
1092 1571 1344 1656 demonstraret,

279 1679 367 1765 quod
383 1679 498 1748 Valck.
523 1677 602 1747 vult.
626 1675 885 1758 Demonstraret,
911 1677 1053 1762 quodam
1077 1687 1223 1763 tempore
1247 1701 1349 1766 quen·

279 1786 354 1851 dam
370 1785 579 1851 Ammonium
605 1783 757 1864 extitisse,
783 1783 839 1869 qui
862 1805 958 1866 opere
979 1787 1099 1850 saeculi
1119 1787 1251 1852 secundi
1267 1809 1349 1852 usus

278 1892 380 1974 hanc,
409 1914 508 1976 quam
531 1891 699 1972 habemus,
732 1890 955 1956 collectionem
985 1896 1225 1977 synonymicam
1249 1894 1346 1959 ador-

278 2002 382 2080 navit3
410 1999 490 2064 nihil
513 2005 622 2063 autem
644 1998 732 2064 ultra
763 1997 927 2082 probaret,
957 2001 1018 2064 uisi
1041 2001 1136 2064 simul
1166 2003 1345 2066 certissima

278 2108 414 2190 vestigia
437 2105 603 2170 Ammonii
630 2106 722 2170 initio
755 2105 875 2170 saeculi
903 2106 1036 2171 secundi
1067 2107 1213 2172 florentis
1238 2116 1343 2172 osten-

278 2213 441 2279 derentur.
488 2211 555 2280 Sed
577 2212 652 2277 talis
676 2211 844 2276 Ammonii
867 2211 955 2276 nulla
987 2221 1098 2278 extant
1121 2216 1265 2297 vestigia,
1289 2236 1346 2279 ne-

279 2342 342 2409 que
373 2321 490 2392 Valck.
536 2320 603 2386 ullo
639 2327 830 2404 argumento
867 2320 966 2386 talem
999 2320 1211 2386 Ammonium
1243 2322 1344 2386 fuisse

277 2429 448 2495 uerisimile
494 2428 613 2494 reddit.
690 2428 768 2493 Noli
807 2430 891 2494 enim
929 2428 1009 2492 mihi
1047 2431 1185 2495 obiicere
1222 2431 1340 2512 locum,
1366 2485 1372 2494 .

277 2537 395 2624 (crass
412 2560 444 2620 p.
472 2537 634 2622 xxvu)
666 2558 730 2623 quo
769 2540 917 2621 expone,
951 2537 1029 2622 qun
1063 2537 1342 2603 caventium
1426 2515 1427 2535 ¹

272 2646 482 2737 Ἡρακλείδης
497 2645 515 2713 ὁ
532 2645 694 2733 ἡμέτερος,
718 2645 810 2730 quasi
832 2644 878 2708 ibi
902 2652 1128 2728 argumentum
1150 2646 1344 2714 inveniatur.
1425 2631 1426 2657 ¹

277 2752 415 2818 Namsi
451 2759 602 2817 accurate
629 2773 697 2816 rem
731 2751 931 2832 consideras,
963 2751 1009 2816 ibi
1040 2774 1106 2816 non
1134 2751 1344 2816 Ammoniom
1423 2833 1424 2838 ἵ

278 2860 441 2947 quendam
471 2861 615 2926 extitisse
647 2858 839 2941 discipulum
867 2859 1052 2923 Heraclidis
1086 2859 1338 2940 demonstratur,

278 2968 336 3034 sed
358 2991 460 3034 nexus
483 2967 715 3034 sententiarum
742 2968 790 3030 ita
813 2987 848 3030 se
870 2965 983 3048 habet,
1013 2975 1050 3031 nt
1081 2973 1248 3030 auctorem
1270 2965 1343 3029 libri

278 3075 471 3160 discipulum
502 3074 689 3140 Heraclidis
723 3075 925 3156 grammatici
955 3075 1047 3138 initio
1087 3075 1182 3156 primi
1222 3073 1342 3136 saeculi

276 3181 421 3248 florentis
444 3183 553 3264 fuisse,
578 3181 787 3246 Ammoninm
811 3189 919 3245 autem
943 3189 1110 3246 auctorem
1132 3182 1241 3262 libelli,
1266 3202 1343 3262 ergo

278 3288 471 3372 discipulum
479 3287 675 3368 Heraclidis
692 3309 769 3371 ergo
779 3288 941 3353 hominem
951 3290 1047 3372 primi
1066 3289 1186 3353 saeculi
1196 3291 1341 3353 exeuntis

276 3395 375 3462 fuisse
390 3395 527 3462 dicatur.
560 3394 662 3462 lidos
678 3395 723 3460 ibi
738 3394 990 3481 haudquaquam
1006 3395 1218 3460 Ammonium
1235 3403 1343 3460 aucto

276 3525 346 3570 rem
378 3525 449 3569 esse
479 3503 571 3568 noris
604 3503 802 3586 argumentis
834 3503 1012 3572 firmatum.
1046 3504 1104 3569 sed
1134 3504 1190 3568 illo
1220 3501 1342 3568 scholio

277 3611 362 3677 falso
384 3619 489 3678 totam
512 3611 741 3678 Valckenaerii
767 3613 1080 3694 argumentationem
1102 3613 1174 3676 niti.
1226 3611 1342 3697 Neque

277 3718 364 3784 hunc
385 3719 493 3784 locum
519 3719 677 3805 relinquo.
706 3721 784 3805 quin
814 3739 973 3804 moneam,
1002 3728 1125 3805 quanta
1148 3719 1342 3784 confidentia

277 3826 393 3894 Valck.
417 3827 509 3894 illam
532 3849 643 3892 rocem
667 3829 819 3916 ᾔμέιερος
841 3829 1027 3912 ambiguam
1051 3837 1083 3894 et
1111 3831 1207 3894 variis
1239 3829 1342 3894 modis

277 3934 500 4019 explicabilem
522 3936 580 4000 tali
599 3936 866 4019 interpretatione
888 3937 949 4000 sibi
972 3939 1192 4022 assumpserit,
1215 3937 1341 4023 qualem

277 4041 339 4107 sihi
362 4042 567 4128 profuturam
598 4065 668 4107 eme
697 4043 833 4126 putarit,
864 4063 968 4130 neque
998 4047 1053 4110 uni
1085 4045 1183 4110 verbo
1205 4045 1342 4112 lectione
