2850 4854
720 450 937 508 -χς-

294 622 392 691 α’ύτοῶ
424 622 468 711 ἕξ.
514 622 663 710 Utroque
692 624 765 688 loco
795 624 919 706 pariter
951 629 1051 706 etque
1079 621 1139 686 illo'
1166 621 1273 704 tertio,
1304 621 1362 685 ubi

295 729 414 795 diserte
444 729 565 796 librum
595 733 838 814 synonymicum
868 732 901 794 in
932 730 1151 798 testimonium
1173 735 1284 811 vocet,
1310 751 1360 810 ea,

294 858 378 924 qnae
401 837 479 904 alibi
502 837 598 904 facile
620 839 755 904 inveniri
778 838 911 921 sciebat,
936 839 1039 904 fusius
1063 843 1205 902 tractare
1230 838 1363 918 Etymo·

293 943 385 1027 logne
418 943 532 1012 noluit.
583 945 617 1010 N
620 966 682 1010 unc
714 951 822 1013 eutem
852 946 886 1010 in
916 944 1107 1014 memoriam
1138 943 1198 1008 tibi
1228 962 1362 1007 revoces

294 1072 376 1138 quos
400 1052 511 1135 cupito
527 1051 579 1120 VI
602 1073 675 1138 sqq.
697 1053 792 1136 plene
814 1051 995 1138 descriptos
1019 1050 1170 1116 exhibent
1192 1050 1281 1116 locos
1299 1055 1362 1132 Ep.

293 1157 349 1224 Pe.
369 1161 433 1222 144
465 1163 635 1245 διαιρεῖται
667 1159 705 1226 δε
734 1157 820 1250 λύπη
840 1162 963 1242 sigo,
995 1161 1041 1237 εἰς
1064 1155 1151 1242 ἄχος,
1174 1160 1222 1235 εἰς
1245 1157 1362 1241 ἄχθος,

294 1267 341 1343 εἰς
377 1259 504 1352 φθάνον
537 1267 595 1334 καὶ
627 1268 675 1344 εἰς
706 1265 798 1334 ἔλεον
830 1273 890 1332 otc
946 1263 1012 1330 An.
1048 1264 1143 1333 Paris
1175 1265 1237 1338 IV.
1294 1271 1364 1352 Τῆς

293 1370 397 1461 λύπης
419 1374 499 1440 εἰσὶν
522 1373 591 1462 εἴδη
625 1371 768 1461 τέσσαρα·
803 1371 890 1458 ἄχος,
924 1371 1044 1456 ἄχθος,
1073 1367 1214 1459 φθόνος,
1248 1359 1355 1448 δικτος

294 1485 356 1550 etc.
383 1482 440 1546 τοῦ
466 1476 574 1566 φόβοι
605 1473 707 1548 πάλιν
742 1482 812 1569 εἴδη
850 1480 894 1568 ἕξ·
933 1479 1037 1564 ὄκνος,
1070 1477 1187 1563 αἰδώς,
1218 1475 1365 1567 αἰσχύνη,

293 1583 500 1676 κατάπληξις,
534 1585 697 1677 ἔκπληξις,
726 1587 855 1673 άγωνίο·
890 1595 950 1654 eto.
1003 1586 1070 1657 An.
1103 1585 1164 1658 On
1181 1587 1248 1668 1‚7
1271 1582 1366 1682 ’ᾼχας

411 1695 448 1762 τὸ
477 1692 606 1774 γενικόν
637 1694 721 1762 ἔστιν
751 1721 772 1783 η
801 1693 885 1786 λύπη
918 1697 973 1763 καὶ
994 1697 1062 1783 εἴδη
1087 1696 1180 1771 αὐτῆς
1202 1697 1242 1762 δ’·
1267 1693 1365 1776 άχος·

164 1789 166 1796 ’
294 1801 411 1885 άχδος·
440 1801 566 1882 φθόνος
594 1804 647 1870 καὶ
679 1801 779 1880 ἔλεος·
808 1809 868 1867 eto.
901 1803 930 1884 I,
952 1807 1016 1866 263
1040 1799 1160 1894 Λύπη.·
1191 1806 1367 1888 διαιρεῖται

294 1912 341 1987 εἰς
372 1914 412 1978 δ’.
443 1912 491 1988 εἰς
513 1907 602 1992 ἄχος·
631 1911 677 1985 εἰς
709 1905 825 1991 ἄχθος·
858 1913 904 1984 εἰς
938 1909 1072 1996 φθάνον·
1104 1913 1150 1988 εἰς
1173 1908 1273 1977 ἔλεον·
1298 1915 1361 1972 etc.

293 2015 403 2097 Ι,197
430 2014 544 2100 Θογιύς
567 2065 653 2087 .....
667 2022 702 2086 τί
724 2015 871 2102 διαφέρει
901 2024 1006 2106 μῆνις·
1036 2015 1122 2100 ὀργή·
1146 2010 1234 2100 χολῆ·
1258 2011 1362 2093 κότος.

295 2121 415 2208 θνμύςς
437 2130 499 2194 ete.
522 2125 645 2206 1,429.
686 2123 811 2204 Φόβοςτ
837 2163 879 2172 —-
903 2128 1075 2209 διαιρεῖται
1098 2124 1135 2192 δὲ
1158 2125 1176 2192 ὃ
1200 2123 1301 2211 φόβος
1317 2125 1366 2199 εἰς

295 2228 338 2316 ἕξ
361 2232 409 2308 εἰς
433 2227 535 2298 ὄκνον·
559 2234 606 2309 εἰς
629 2232 789 2322 ἔκπληξιν·
821 2235 868 2310 εἰς
898 2231 1103 2321 κατάπληξιν·
1132 2235 1178 2309 εἰς
1201 2232 1290 2298 αἰδῶ·
1314 2233 1363 2308 εἰς
1421 2299 1422 2332 ἰ

272 2331 458 2428 αἰσχύνην·
487 2343 534 2418 εἰς
565 2337 704 2426 άγιανίαν
734 2349 794 2406 etc.
846 2342 913 2412 An,
942 2339 1002 2406 Ox.
1021 2342 1069 2424 Π,
1088 2345 1153 2406 388
1176 2339 1294 2435 Λάπηε
1320 2381 1362 2392 -
1421 2341 1422 2352 ’

295 2449 530 2532 διαιρεῖται-
556 2451 602 2527 εἰς
626 2449 667 2517 δ’·
691 2453 737 2527 εἰς
760 2450 851 2534 άχος·
875 2454 922 2529 εἰς
945 2447 1059 2535 ἄχθος·
1086 2455 1131 2529 εἰς
1156 2452 1293 2532 φθίνον·
1317 2456 1365 2527 εἰς

296 2553 385 2624 ἔλεον
407 2563 468 2630 etc.
491 2558 621 2640 11‚4nn
646 2557 773 2650 Φόβοςε
796 2565 843 2640 εἰς
866 2561 952 2630 πόσα
976 2570 1163 2651 διαιρεῖται;
1186 2567 1233 2641 εἰς
1249 2561 1291 2652 ἕξ·
1319 2566 1365 2637 εἰς

295 2663 402 2736 ὄκνον·
426 2671 473 2747 εἷς
490 2669 651 2762 ἔκπληξιν·
668 2676 715 2751 εἰς
735 2672 947 2764 κατάπληξιν·
965 2677 1012 2750 εἷς
1028 2675 1120 2740 αἰδῶ·
1138 2675 1184 2748 εἰς
1200 2668 1363 2758 αἰσχύνην.

294 2784 349 2852 καὶ
375 2786 421 2860 εἰς
453 2783 591 2863 ἀγωνίαν
621 2791 681 2855 etc.
735 2785 845 2850 Unum
873 2805 960 2848 nunc
983 2783 1102 2850 addam
1124 2782 1233 2846 locum
1256 2780 1363 2850 Boios,
1420 2797 1421 2855 j

296 2893 418 2965 Aneed.
441 2893 472 2977 I,
488 2897 553 2959 411
590 2897 634 2962 Τί
655 2897 805 2982 διαφέρει
835 2887 961 2978 ἕχδρύς,
995 2896 1160 2976 πολέμιος,
1189 2887 1364 2974 cucumim

291 2995 424 3088 Ἐχθρὸς
446 3008 572 3089 λέγεται
594 3003 610 3067 ὃ
633 3003 709 3071 ποτὲ
732 3007 834 3081 φίλος·
858 3007 1015 3087 πολέμιος
1038 2999 1086 3084 δὲ,
1111 3000 1129 3067 ὁ
1151 2993 1230 3084 μετὰ
1256 2994 1366 3065 ὅπλων

294 3116 342 3190 εἰς
374 3109 431 3181 σύν
461 3117 562 3191 πέλας
591 3119 712 3196 χωρῶν·
745 3109 905 3201 δυσμενὴς
934 3109 978 3193 δὲ,
1011 3106 1031 3170 o‘
1053 3112 1185 3194 χρονίαν
1209 3101 1289 3190 πρὸς
1312 3100 1365 3170 τδν

295 3220 371 3290 ποτὲ
403 3225 499 3308 φίλον
533 3219 654 3306 ἔχθραν
686 3225 852 3308 διατηρῶν.
885 3253 930 3277 z:
960 3216 1075 3282 Amm.
1109 3220 1161 3280 64.
1211 3213 1365 3300 Sequitur
1419 3217 1420 3300 χ

294 3328 384 3397 nullo
408 3329 515 3414 spatio
538 3329 722 3392 interiecto:
750 3333 791 3396 Τί
812 3328 894 3395 ἐστιν
917 3323 1029 3413 ὄκνοςχ
1062 3319 1205 3412 ἀναβολὴ
1227 3315 1365 3406 μελλού-

295 3453 353 3528 οης
384 3437 552 3519 ἐνεργείας.
607 3439 648 3502 Τι’
677 3433 758 3501 ἔστιν
792 3434 958 3523 ἕκπληξιςς
989 3431 1158 3522 ἀσυνήθης
1190 3434 1263 3496 θέα.
1325 3432 1366 3494 Τί

294 3543 359 3611 ἐστι
380 3542 590 3630 κατάπληξις,
613 3540 755 3630 μεγάλης
773 3549 953 3673 φαντασίας
970 3545 1049 3608 ἰδέα.
1094 3545 1135 3607 'It
1148 3539 1231 3606 ἔστιν
1248 3533 1365 3621 αἰδῶς;

296 3655 411 3734 δειλία,
437 3649 698 3778 προσδοκωμένου
719 3648 803 3728 τινδς
826 3649 976 3718 εναντίον.
1036 3655 1076 3717 Τί
1105 3648 1189 3716 εστιν
1218 3643 1364 3733 αἰσχύιηῖ

296 3758 432 3845 ἐντροπὴ
455 3757 507 3825 ε’πι
529 3760 651 3846 αἰσχρφ
673 3755 845 3845 πράγματι
895 3764 936 3825 Τί
959 3757 1041 3824 ἐστιν
1064 3750 1200 3842 ἇγιννία;
1223 3735 1419 3840 θόρυβος

295 3870 482 3948 αποτνχίας.
537 3865 611 3930 Hos
650 3864 739 3930 locos
771 3865 964 3932 collustrans
988 3886 1179 3950 mecumque
1210 3870 1365 3948 reputans

298 3973 416 4039 herum
448 3971 692 4041 distinctionum
725 3976 855 4057 scriem,
888 3974 1071 4057 ubicunque
1103 3973 1271 4040 doctrinae
1299 3971 1365 4036 He·

299 4080 474 4146 rennieuoe
490 4080 625 4163 vestigia
641 4087 711 4145 exst
713 4088 778 4164 ent,
804 4083 966 4165 etipsem
990 4079 1418 4164 inveniri,E2-yt1nologo
