2850 4854
452 510 673 571 ..67-

31 709 117 770 quem
136 687 197 753 sibi
213 685 396 770 assumpsit,
421 683 504 750 falso
521 685 752 770 interpretatus
770 706 839 751 esse
854 683 992 770 videtur,
1017 706 1093 752 nam

33 792 235 878 ,χιτωνίσκοςζ
266 815 344 862 νοοε
375 794 604 861 vestimentum
637 794 725 859 virile
758 791 947 877 significari,
984 811 1093 860 omnes

31 909 212 968 constanter
242 901 416 971 affirmant.
471 899 581 966 Amm.
611 905 673 966 148
704 897 865 970 Χιτοίνιον
897 904 954 971 καὶ
977 910 1093 972 ΙΧιτω-

32 1017 129 1088 νιάκος
153 1015 313 1096 διαφέρει·
354 1014 547 1087 Χιτανίσκος
569 1007 629 1095 μὲν
652 1004 711 1091 γάρ
738 1009 832 1076 izos
855 1003 967 1096 α’νόρὸς
989 1005 1093 1093 χιτών·

32 1117 178 1185 naeuos
206 1118 251 1202 δὲ,
274 1115 309 1184 τὸ
333 1122 388 1206 τῆς
416 1113 562 1201 γυναικὸς
587 1116 716 1202 ἔνδυμα.
764 1113 884 1190 Thom.
907 1115 954 1189 M.
978 1120 1093 1200 401,4

32 1223 128 1292 λιτῶν
159 1222 213 1292 ἐπὶ
246 1220 362 1312 α’νδρδς
394 1264 433 1271 -
470 1263 511 1272 -
542 1222 686 1308 χιτώνιον
719 1225 755 1292 δὲ
783 1223 836 1292 ἐπὶ
860 1225 1009 1310 γυναικός
1032 1232 1093 1298 ete,

33 1335 112 1396 Enst.
146 1337 242 1414 1166,
278 1336 330 1402 51,
385 1336 569 1421 Σημείονσαι
605 1330 642 1398 δέ
674 1328 726 1399 ὅτι
762 1334 836 1419 περὶ
865 1327 1011 1410 χιταίνιον
1042 1335 1094 1400 καὶ

32 1445 150 1507 τοιαῦτα
175 1443 208 1506 οἱ
229 1441 373 1506 παλαιοί·
410 1435 508 1521 χιτών
537 1438 554 1505 ὁ
580 1435 692 1517 ζωατὸς
724 1441 780 1506 καὶ
803 1447 987 1524 γυναικεῖος·
1018 1437 1033 1502 ὃ
1058 1437 1095 1508 δὲ

34 1543 172 1635 ιὶνδρείος
194 1551 386 1629 χιτωνίσκος,
419 1543 538 1623 ὃτινὲς
570 1545 756 1635 ἐπενδύτην,
789 1545 823 1613 τὸ
859 1545 893 1614 δέ
923 1543 1024 1635 βραχιλ
1046 1574 1093 1631 χι·

32 1650 240 1741 τανισκιίριον·
272 1650 422 1736 χιτώνιον
452 1653 483 1712 δὲ
513 1655 569 1721 καὶ
601 1647 789 1740 χιτωνοίριον
823 1651 936 1724 λεπτὸν
973 1654 1092 1741 ἔνδυμα

10 1829 11 1832 ,
34 1775 203 1845 γυναικεῖον
220 1765 400 1838 πολυτελές.
442 1766 643 1848 Μένανδρος·
669 1766 845 1851 λελουμένη
864 1761 957 1851 γὰρὴ
977 1764 1092 1852 ’ταίρα,
1155 1791 1157 1798 ·

32 1873 75 1936 καὶ
102 1869 256 1957 διαφανὲς
283 1867 473 1956 χιτωνοίριον
503 1868 630 1952 ἔχοντα.
676 1867 916 1962 Ἀριστοφάνης·
944 1869 1033 1951 ἐνδὺς
1054 1869 1096 1940 eo*

10 2037 11 2044 ,
34 1989 200 2059 γυναικεῖον
222 1979 291 2044 τοδί
306 1974 460 2058 χιτώνιον·
485 1983 583 2044 ταῦτα
600 1978 710 2054 Αἴλιος
725 1976 893 2055 Διονύσιος
917 1984 978 2050 eta
1016 1977 1090 2045 Sch.

33 2083 80 2148 Ar.
105 2086 168 2156 Av.
194 2088 257 2148 946
286 2089 486 2167 χιτωνίσκονε
520 2086 553 2151 τὸ
582 2083 832 2172 ὑποκορνοτικόν
863 2091 917 2153 τοῦ
947 2089 1090 2170 χιτῶνος·

34 2192 89 2260 ἐπεὶ
118 2189 292 2280 ἀρσενικῶς
320 2190 424 2277 μόνας
448 2193 547 2276 χιτών
570 2197 716 2277 λέγεται,
741 2192 794 2259 ἐπὶ
817 2192 852 2260 δέ
874 2199 1024 2283 θηλυκοῦ
1045 2222 1092 2280 χι-
1187 2237 1192 2256 1

34 2300 146 2369 ιώιιοι,
201 2298 439 2365 Ammonianus
470 2299 552 2365 liber
583 2299 742 2365 Herennii
772 2300 881 2366 locum
910 2299 974 2368 huo
1005 2323 1092 2385 speo-

9 2421 10 2424 ’
35 2417 145 2473 tantem
169 2409 202 2472 in
225 2407 352 2472 brevius
377 2409 576 2475 contraxisse
599 2407 739 2475 videtur.
779 2407 854 2473 Hoc
876 2415 911 2474 ut
927 2409 1090 2493 credatur,

36 2517 138 2582 suadet
170 2518 267 2581 etiam
299 2517 380 2582 alius
409 2515 627 2598 Epimerisiae
659 2515 766 2602 locue;
793 2537 825 2598 p.
859 2519 921 2580 357
956 2517 1090 2600 legitur:

36 2631 151 2704 Πέπλος
175 2625 218 2711 (Ε
242 2623 416 2709 194):....
442 2629 591 2710 διαφέρει
622 2628 746 2700 πέπλος
776 2625 831 2691 καὶ
860 2622 965 2707 χιταλν·
997 2623 1093 2709 χιτὼν

36 2735 146 2814 λέγεται
177 2734 212 2801 τὸ
241 2737 349 2800 λινοῦν
376 2735 429 2800 καὶ
458 2733 582 2801 ἁπλοῦν
605 2730 824 2818 περιβόλαιον·
848 2730 970 2811 πέπλος
993 2731 1030 2801 δὲ
1056 2731 1092 2803 τὸ

36 2847 170 2910 ποικίλον
193 2845 249 2910 καὶ
272 2851 453 2927 γυναικεῖον
471 2839 607 2926 ἱμάτιον.
647 2843 756 2908 Huius
779 2842 996 2910 distinctionis
1013 2841 1092 2906 nihil

37 2949 110 3028 apud
133 2949 241 3014 Amm.
276 2955 372 3014 extat.
420 2947 486 3014 Sed
518 2973 589 3018 eam
622 2972 687 3016 non
724 2951 764 3016 ab
793 2950 989 3037 Epimerista
1021 2971 1091 3016 esse

37 3053 197 3140 inventam,
224 3063 362 3143 apparei
386 3079 424 3122 ex
440 3059 533 3122 Ense.
562 3063 673 3144 170,5
699 3065 903 3148 οημειοῡνται
927 3058 961 3126 δὲ
985 3062 1018 3126 οἱ
1032 3083 1091 3127 πα·

37 3165 109 3233 λαιοὶ
131 3166 185 3234 ἐπὶ
200 3164 319 3248 ἀνδρὸς
334 3165 388 3235 τὸν
402 3169 524 3251 χιτιδνα
541 3151 703 3252 λέγεσθαι,
727 3164 881 3253 καθάπερ
897 3161 952 3236 τὸν
967 3171 1092 3235 πέπλον

38 3268 77 3338 ἐπὶ
102 3272 254 3353 γυναικός
284 3282 316 3338 εί
350 3296 389 3342 ex
423 3274 498 3346 seh,
524 3275 565 3346 ΙΙ,
589 3274 680 3360 Lips.
706 3284 737 3342 Β
762 3278 804 3340 42
838 3279 969 3358 χιτῶνατ

39 3378 126 3447 ἰστέον
157 3382 195 3448 δὲ
218 3379 266 3449 ὅτι
290 3380 342 3449 ἐπὶ
365 3382 423 3462 μὲν
446 3377 564 3468 α’νδρός
586 3387 703 3464 χιτῶνα
726 3387 823 3466 λέγει,
849 3382 905 3449 ἐπὶ
928 3380 964 3450 δὲ
988 3380 1093 3466 χνναιέ

38 3485 80 3562 κὸς
101 3488 231 3557 πέπλον,
283 3487 335 3575 (ef.
362 3489 401 3552 Ε.
429 3487 469 3553 G.
495 3493 650 3572 466,16,·
681 3489 722 3560 Ε,
746 3489 793 3554 Μ.
820 3492 971 3577 812,16;
994 3487 1091 3560 Eunt.

38 3595 99 3676 499,
116 3601 154 3678 4;
175 3601 249 3680 599,
268 3599 328 3684 40;
349 3597 507 3680 imprimis
525 3605 634 3663 autem
651 3597 690 3661 Ε.
711 3595 752 3668 G.
772 3603 846 3680 567,
865 3601 895 3680 6,
912 3595 969 3661 ubi
985 3597 1092 3679 agitur

39 3698 69 3764 [le
88 3700 181 3786 χιτιίν
198 3711 231 3768 et
245 3710 429 3788 χιτωνίσκος
446 3712 478 3770 et
494 3710 619 3784 πέπλος
637 3726 700 3770 uno
726 3704 903 3790 eodemque
925 3702 1024 3790 loco.)
1049 3743 1090 3752 -

39 3805 88 3892 Ep,
117 3813 159 3880 H.
187 3817 252 3878 435
284 3835 378 3878 voees
406 3819 536 3898 χλαῖνα,
576 3811 715 3898 χλαμιίς,
755 3817 864 3896 χλανίς
897 3818 1090 3894 tractantur,

40 3917 119 3984 aliter
139 3929 237 4005 atque
253 3921 364 3986 Amm.
386 3925 458 3986 146.
508 3923 560 3987 Νε
576 3920 711 3987 verbum
728 3920 857 4008 quidem
874 3921 975 3986 simile
992 3927 1089 3988 extet.

40 4021 91 4090 Sed
113 4029 325 4112 Epimeristae
358 4030 447 4094 locus
478 4033 649 4112 corruptus
674 4034 769 4094 etex
791 4029 941 4095 uberiore
963 4031 996 4094 in
1019 4029 1092 4096 bre·

40 4133 94 4200 vius
125 4143 311 4204 contractus
341 4159 410 4202 esse
443 4135 580 4222 videtur,
610 4140 647 4201 ut
668 4142 779 4204 tamen
803 4136 846 4204 ad
870 4135 994 4206 fontem
1018 4159 1092 4206 eum
