2856 4850
698 433 918 493 -10..

277 613 372 688 stare,
397 607 569 670 temerario
594 607 700 672 studio
717 607 791 671 libri
807 605 981 672 Ammonio
1008 609 1156 672 servandi
1180 609 1343 693 deceptus,

280 714 322 778 ad
358 714 569 780 Ammonium
607 716 836 780 Fabricianum
876 716 1027 798 recurrit,
1061 738 1165 800 neque
1205 739 1280 782 vero
1319 719 1346 781 si

279 823 421 886 animum
446 823 637 888 attendisset
660 823 701 886 ad
726 844 773 905 ea,
800 845 884 906 quae
908 824 1051 895 Valck.
1077 823 1116 889 de
1141 831 1248 890 aetate
1271 825 1346 889 libri

276 933 325 994 sui
356 933 534 996 rectissime
565 930 755 1012 disputavit,
795 930 828 992 id
858 932 886 994 ei
921 931 1105 1014 accidisset,
1140 932 1228 1015 quod
1258 954 1344 996 nuno

277 1039 403 1120 accidit,
429 1045 474 1120 ut,
500 1059 565 1101 non
585 1037 659 1101 libri
675 1043 810 1120 tempus,
837 1039 894 1102 sed
910 1038 1076 1104 Ammonii
1100 1061 1216 1104 nomen
1238 1046 1342 1122 tuens,

275 1145 411 1210 laterem
434 1146 566 1210 lavaret.
608 1145 686 1209 Jam
709 1167 784 1209 vero
808 1147 997 1229 priusquam
1014 1145 1054 1210 de
1073 1147 1345 1214 Valckenaerii

275 1253 449 1317 Ammonio
475 1252 575 1316 fusius
601 1251 776 1334 disputem,
809 1273 874 1316 non
897 1275 1042 1335 possum,
1077 1255 1153 1336 quin
1177 1254 1345 1318 Nabori

278 1360 419 1443 quadarn
443 1360 603 1424 sententia
627 1359 792 1440 defungar,
820 1382 917 1441 quam
939 1361 993 1424 ille
1017 1361 1171 1425 nullave]
1192 1361 1345 1426 instavel

275 1470 397 1534 iniusta
415 1490 512 1536 causa
530 1466 643 1530 addita
658 1465 744 1529 nude
760 1467 878 1550 posuit.
914 1467 947 1531 N
949 1489 991 1532 on
1012 1467 1085 1532 ideo
1111 1489 1182 1532 eam
1208 1489 1344 1532 comme·

275 1597 376 1658 more,
396 1583 432 1640 nt
448 1576 510 1638 hoc
526 1575 599 1638 loco
615 1573 840 1655 redarguatur,
859 1595 934 1638 nam
958 1575 1005 1638 ita
1022 1581 1072 1638 est
1094 1576 1213 1658 inepta,
1231 1581 1268 1640 ut
1284 1575 1344 1640 tali

273 1683 385 1748 labore
409 1682 488 1746 nihil
514 1701 594 1764 opus
619 1680 669 1762 sit,
694 1680 751 1744 sed
774 1687 810 1744 ut
829 1681 946 1745 illustri
962 1683 1107 1764 exemplo
1126 1683 1342 1764 comprobem,

276 1813 373 1872 quam
405 1796 526 1854 temere
553 1809 786 1869 nonnunquam
818 1787 858 1851 de
882 1786 1101 1853 Ammoniano
1134 1788 1216 1852 libro
1241 1789 1344 1854 haud·

276 1919 439 1980 quaquam
475 1896 533 1960 tali
571 1901 757 1976 contemptu
799 1894 895 1976 digno
935 1895 1105 1966 indicetur,
1165 1896 1272 1961 Praei.
1309 1899 1344 1961 in

274 2003 371 2074 Phot.
396 2003 475 2072 Lex.
501 2002 550 2067 ed.
576 2025 606 2084 p.
636 2006 698 2064 120
724 2052 741 2082 „
755 2051 864 2072 .....
890 2002 970 2065 nihil
993 2003 1146 2086 impedit,
1173 2005 1343 2086 quominus

276 2109 443 2173 credamus
469 2109 567 2172 aliurn
592 2109 753 2190 quendam
778 2109 987 2190 assumpsisse
1011 2110 1179 2192 Apollonii
1210 2133 1337 2192 nomen,

276 2216 389 2280 eodem
411 2217 480 2279 iure
504 2215 554 2279 vel
578 2216 605 2279 si
628 2216 728 2282 mavis
753 2216 878 2297 iniuria,
905 2239 968 2300 qua
991 2219 1119 2300 ineptus
1145 2219 1281 2300 scriptor
1302 2217 1342 2280 de

274 2345 387 2390 vocum
419 2322 613 2402 differentiis,
646 2323 850 2404 impudenter
877 2327 1031 2388 mentitur
1056 2348 1089 2390 se
1114 2348 1183 2390 esse
1206 2325 1340 2389 Ammo-

191 2488 193 2492 .
275 2434 372 2495 nium.
426 2429 504 2512 Quis
538 2431 650 2494 credat
681 2430 833 2513 aequales
858 2431 1036 2514 Ammonii,
1070 2433 1125 2514 qui
1157 2432 1342 2497 Aristarchi

276 2539 451 2622 discipulus
475 2538 537 2602 fuit
562 2540 652 2624 eique
677 2540 839 2621 successit,
865 2541 914 2604 vel
938 2539 1115 2622 Apollonii,
1142 2562 1235 2626 quem
1259 2539 1341 2623 Api·

277 2647 345 2711 onis
377 2648 566 2728 magistrum
597 2647 695 2711 fuisse
725 2647 876 2729 vidimus,
906 2656 973 2711 tam
1006 2649 1141 2730 puerilia
1176 2655 1207 2712 et
1233 2648 1342 2711 ieiuna

276 2753 361 2816 forre
378 2752 569 2835 potuisse?“
610 2753 757 2819 Credidit
775 2757 934 2819 enimvero
955 2756 1056 2820 bonus
1079 2756 1126 2819 vir
1150 2763 1182 2819 et
1205 2776 1341 2836 magnus

277 2861 414 2940 criticus,
440 2860 525 2924 hunc
548 2861 665 2925 librum
690 2865 928 2944 synonymicum
962 2863 1004 2928 ad
1027 2862 1213 2927 Aristarchi
1245 2863 1339 2926 disci-

243 3005 247 3010 ·
276 2967 386 3049 pulum
416 2967 539 3048 referri,
573 2991 645 3032 cum
678 2969 819 3052 Didymi,
855 2969 1059 3052 Tryphones,
1090 2970 1270 3034 Ptolemaei
1299 2969 1340 3032 ab

277 3081 409 3137 auctore
425 3076 458 3138 in
474 3097 567 3138 usum
585 3077 720 3140 adhibiti
737 3077 809 3139 sint.
843 3075 1003 3161 Numquis
1020 3083 1124 3160 putat,
1149 3099 1168 3140 a
1184 3077 1340 3141 Nabero

276 3203 418 3266 unquam
442 3182 558 3246 librum
579 3182 832 3247 Ammoniannm
859 3192 1022 3250 versatum
1047 3183 1138 3248 esse?
1178 3185 1250 3264 Ego
1275 3205 1341 3248 non

276 3296 433 3372 putarem,
458 3291 519 3353 nisi
544 3290 613 3353 aliis
638 3291 716 3354 locis
741 3293 858 3354 rectius
882 3291 1049 3355 iudicaret.
