2856 4850
484 491 683 550 -7-

48 667 158 747 egisse,
185 665 387 731 demonstrat
410 663 601 730 Athenaeus
635 663 673 728 ΙΙ
692 669 772 729 53α.
805 663 857 728 De
883 665 1116 752 ἀπονίψασθαι

48 779 76 836 et
104 772 187 839 κατά
215 773 322 860 χειρὸς
353 769 447 860 άδωρ
476 775 602 860 αἰτῆσαι
636 779 668 836 et
692 769 948 854 Aristophanem
981 775 1013 838 et
1037 771 1115 856 'rry-

47 880 188 961 phonem
220 881 321 962 egisse
354 884 493 945 testatur
524 879 618 949 Eust.
654 883 795 961 1401,18
817 877 1042 968 Ἀριστοφάνης
1066 879 1115 947 δ’ὁ

47 995 274 1072 γραμματικός,
300 989 377 1076 φησὶ
400 982 488 1074 παρά
511 995 578 1062 τοῖς
604 991 753 1060 παλαιοῖς
775 981 809 1055 τὰ
831 985 891 1072 μὲν
907 987 970 1072 πρὸ
988 981 1116 1073 ἀρίστου

47 1097 94 1160 καὶ
118 1099 253 1162 δείπνου
276 1099 432 1178 λέγεσθαι
454 1093 533 1161 κατά
556 1089 664 1179 χειρός
688 1096 723 1159 τό
749 1092 785 1160 δὲ
807 1093 887 1178 μετά
903 1096 1009 1176 ταῦτα,
1035 1085 1115 1161 άπα-

47 1209 212 1289 νίψασθαι
245 1206 384 1284 1401,43
421 1207 537 1270 θετέον
566 1201 594 1268 δ’
620 1200 761 1269 tva-etue
784 1203 838 1268 καὶ
864 1199 1037 1287 Τρύφωνος
1066 1202 1113 1284 τὸ,

47 1308 119 1376 κατά
136 1315 255 1396 χειράν
269 1311 338 1396 μὲν,
362 1316 425 1396 πρὸ
442 1311 563 1397 τροφῆς
583 1309 670 1396 παρά
694 1319 761 1385 τοῖς
786 1306 925 1396 ὕστερον,
949 1315 1115 1397 νίψασθαι

48 1415 96 1499 δὲ,
128 1419 212 1502 μετά
236 1415 368 1504 τροφήν.
402 1415 655 1480 Eratosthenem
681 1411 896 1503 άποκήροκτος
921 1416 962 1480 ab
987 1416 1114 1504 ἐκποίη-

47 1549 95 1599 τος
120 1524 316 1605 distinxisse,
342 1530 479 1606 apparet
505 1545 552 1588 err.
577 1521 656 1587 Lex.
682 1522 763 1586 rhet.
811 1521 913 1587 Bekk.
961 1521 1026 1589 An.
1053 1521 1112 1590 Gr.

51 1636 157 1713 215,9.
197 1631 258 1714 Ea,
277 1652 360 1714 quae
376 1629 567 1696 Ammonius
592 1629 633 1692 de
656 1627 768 1717 ἄξονες
796 1629 980 1716 ο1ιιάρβεις
1003 1629 1113 1714 tradit,

48 1759 82 1800 ex
110 1745 209 1820 parte
232 1737 438 1819 Eratosheni,
465 1758 503 1800 ex
534 1743 626 1819 parte
658 1735 874 1818 Aristophani
907 1735 1018 1801 deberi
1048 1760 1115 1802 ma-

47 1845 198 1909 nifestum
221 1845 258 1910 fit
282 1867 321 1909 ex
344 1843 453 1914 Oram.
492 1843 559 1914 An.
584 1842 644 1914 Ox.
669 1845 697 1926 Ι,
716 1849 797 1924 2213
825 1843 879 1931 (Ε
905 1840 946 1908 G.
974 1848 1113 1928 355,45;

48 1951 82 2021 E.
112 1952 165 2022 Μ,
201 1953 351 2039 547,50);
394 1952 459 2018 An.
494 1949 554 2021 Ox.
588 1951 635 2033 H,
668 1954 732 2016 455
768 1957 828 2024 eto.
876 1949 984 2034 Quid?
1008 1973 1115 2019 nonne

46 2057 160 2124 Aelius
205 2060 402 2144 Dionysium,
456 2061 510 2142 qui
558 2065 642 2124 teste
690 2057 793 2124 Suida
839 2059 898 2124 sub
949 2059 1115 2126 Hadriani

48 2173 187 2231 aetatem
224 2166 346 2249 floruit,
386 2167 488 2232 multa
520 2172 655 2248 tractat,
695 2174 834 2249 quaeat
864 2167 936 2251 ipsa
967 2169 1001 2233 in
1031 2168 1114 2233 libro

50 2280 164 2338 nostro
186 2273 416 2338 inveniuntur?
455 2272 678 2338 Rindfleisehii
702 2273 742 2338 de
765 2273 950 2339 Pausaniae
975 2281 1007 2340 et
1029 2273 1117 2340 Aelii

47 2379 194 2464 Dionysii
215 2381 323 2446 lexiois
351 2381 520 2446 rhetoricis
546 2381 858 2463 commentationem,
886 2381 1002 2446 Meieri
1027 2380 1115 2465 Opu-

48 2489 132 2552 soula
158 2489 206 2570 Π,
243 2487 368 2552 Naberi
395 2489 504 2552 Praef.
534 2489 567 2552 in
590 2487 701 2552 Photii
723 2488 849 2552 lexioon
880 2487 920 2574 βξ
944 2493 975 2570 4,
1012 2493 1041 2570 5,
1073 2493 1115 2554 24

47 2597 224 2678 perlegenS,
259 2597 339 2660 haee
363 2597 430 2660 fere
452 2597 574 2660 inveni:
599 2596 627 2661 Ι.
652 2595 737 2660 Euat
761 2598 883 2677 20544
904 2602 959 2662 τοῦ
984 2601 1028 2686 δή·
1052 2624 1114 2684 τρι-

49 2703 207 2789 σολλάβοα
229 2699 310 2777 τινὲς
335 2703 480 2791 ὀξύνουσι
502 2705 559 2790 τὴν
581 2701 708 2793 πρώτην
732 2699 891 2791 συλλαβὴν
899 2757 907 2787 ,
934 2704 986 2780 uir
1011 2725 1109 2794 φησιν

1 2842 3 2854 ν
48 2812 152 2884 Αἴλιος
167 2809 336 2888 Διονύσιος
370 2817 402 2878 οἱ
431 2811 467 2879 δὲ
498 2817 640 2880 πλεῖστοι
670 2819 795 2896 γελοῖον
818 2811 878 2896 μὲν
901 2831 1108 2899 προπερισπω

1 2965 2 2970 1
47 2923 148 3000 μένοις
170 2919 227 2985 τὸν
251 2919 467 3003 χελιάτοποιόν
490 2924 650 3004 λέγουσιν,
676 2915 744 2988 οἷον
767 2915 821 2988 τὸν
844 2929 957 3004 μῖμον,
982 2924 1110 3004 χελοιον

48 3025 79 3092 δὲ
101 3034 163 3095 τον
187 3031 427 3110 καταγέλαστον·
453 3032 542 3095 δοκεῖ
563 3032 603 3094 δέ
624 3045 704 3114 φησι
726 3032 786 3093 τάν
810 3031 957 3094 παλαιάν
977 3026 1114 3094 Ἀττικῶν

1 3115 2 3120 ¹
48 3125 126 3200 eiuro
154 3139 213 3202 eto.
238 3157 267 3200 u.
290 3133 399 3198 Amm.
427 3140 478 3204 36.
500 3135 546 3200 ΙΙ.
572 3135 667 3205 Euat.
692 3138 766 3216 906,
793 3137 835 3197 50
858 3131 934 3203 ΑοΙ,
951 3132 1049 3206 Dion,
1073 3133 1114 3199 de

48 3247 200 3326 θάλαμοί
213 3247 245 3306 et
262 3241 412 3327 οα1άμαι
428 3243 542 3307 iisdem
559 3243 626 3308 fere
643 3241 756 3322 verbio,
776 3240 891 3324 quibus
909 3239 1112 3324 AmmoniuS,

48 3347 99 3411 sed
124 3349 180 3412 hio
203 3349 410 3433 Tryphonem
442 3357 607 3415 auctorem
636 3349 715 3413 citat
741 3349 789 3412 ita
816 3355 852 3412 nt
876 3347 919 3413 ad
942 3347 1037 3413 huius
1062 3369 1112 3412 ar-

48 3451 137 3518 tienli
161 3457 388 3539 antiquitatem
412 3455 697 3521 demonstrandam
721 3453 835 3520 Aelius
859 3476 924 3520 non
949 3453 1109 3519 desidere-

47 3571 105 3634 tur.
151 3563 218 3628 HI.
236 3564 330 3634 Euat.
350 3569 444 3646 1390,
458 3569 509 3634 50.
548 3565 614 3631 nn.
634 3562 670 3631 δὲ
685 3570 774 3631 Aaou.
791 3556 1114 3653 παρασημειοάμενός

1 3693 2 3706 ’
47 3697 112 3738 τινα
144 3671 243 3747 δ’πως
269 3678 349 3739 κατά
376 3677 449 3760 γε’νη
482 3675 709 3756 προφέρονται,
743 3671 841 3757 φησὶν
865 3669 969 3736 οά’τιο·
996 3707 1036 3715 -
1060 3671 1115 3736 καὶ

47 3778 63 3864 ἡ
87 3777 191 3867 χάραξ
206 3779 248 3846 τὸ
271 3785 324 3867 τῆς
347 3773 493 3864 ἀμπέλου
509 3776 687 3866 ὑπόστημα.
712 3777 728 3844 ὁ
745 3781 856 3862 μέντοι
870 3775 972 3866 χάραξ
989 3771 1113 3863 άρσενι-

49 3889 118 3969 κῶς,
142 3886 179 3953 τὸ
201 3885 377 3971 χαράκωμα
401 3890 455 3954 τοῦ
481 3889 702 3970 στρατοπέδου.
744 3884 868 3951 Similia
891 3884 978 3967 apud
1003 3883 1112 3950 Amin.

51 3997 120 4058 145.
138 3993 442 4074 1V.Eust.405,3o
465 3991 540 4057 Ael.
560 3993 602 4058 D.
620 3992 661 4058 de
677 3999 767 4081 ξένος
783 3992 937 4082 πρόξενος
954 3991 1113 4082 ἰδιόξενος

50 4099 229 4192 άστόξενος.
277 4099 430 4167 Similiter
454 4097 562 4168 Amm.
591 4104 663 4166 118.
704 4099 849 4186 Uterque
872 4100 984 4183 paneis
1008 4098 1113 4164 verbis
