2850 4854
747 454 967 514 ..52-

316 631 390 695 lone
414 630 552 698 alionum
577 631 627 712 sit,
653 651 719 697 non
752 630 876 711 mirum,
904 629 931 696 si
953 629 987 692 in
1011 626 1149 714 epitome
1165 625 1391 694 Ammoniuna

317 735 352 801 id
398 737 614 820 Epimeristae
662 736 839 822 exemplum
887 733 1101 800 desideretur.
1175 732 1282 804 Amm.
1334 741 1411 799 26μ

318 845 490 930 Ἀτιμοῦται
519 848 575 912 καὶ
605 841 798 928 Ἀπμοῖζεται
826 851 986 932 διαφέρει.
1043 841 1212 926 Ἀπμοῦιαι
1238 841 1300 926 μὲν
1328 840 1391 929 γάρ

318 979 364 1030 τις
397 948 460 1020 ὑπὸ
498 955 562 1019 τῶν
600 949 708 1036 νόμον
749 953 917 1040 ὁλοσχερεῖ
956 949 1073 1037 ἀτιμίᾳ.
1104 946 1295 1034 Ἀιιμάζειαι
1342 950 1413 1042 δὲ,

319 1059 337 1125 ὃ
370 1053 577 1145 ὑβριζόμενος
613 1055 648 1124 έν
674 1082 736 1124 ποι
766 1054 936 1144 πράγματι.
996 1055 1050 1141 (cf.
1084 1054 1136 1120 Pt.
1173 1054 1217 1124 A.
1259 1054 1277 1141 ᾗ
1314 1045 1413 1136 116,1

319 1165 359 1229 Ε.
391 1162 433 1235 G.
467 1168 527 1246 90,
564 1166 626 1250 243
677 1167 715 1235 Ε,
742 1163 789 1228 M.
825 1167 898 1245 164,
933 1161 976 1248 3).
1020 1201 1062 1210 -
1107 1161 1215 1244 Magis
1255 1162 1414 1242 dubiumr

320 1273 457 1340 forsitan
488 1269 646 1352 videatur,
685 1271 801 1338 ceteris
832 1270 925 1352 locis,
967 1269 1035 1351 ubi,
1074 1291 1157 1356 quae
1188 1261 1414 1356 Epimerista'

319 1377 454 1464 propria
476 1376 585 1458 hebet,
612 1377 759 1462 exempla
781 1378 929 1452 Homero
952 1375 1120 1458 debentur,
1146 1381 1255 1442 utrum
1281 1378 1415 1448 omnies

320 1485 488 1552 Herennio
527 1507 570 1550 an
608 1485 764 1551 nonnulla
806 1483 1016 1566 grammatico
1050 1483 1237 1548 recentioris
1270 1486 1391 1550 aetatis

321 1591 494 1658 tribuenda
534 1592 606 1659 sint.
677 1590 742 1656 Sed
780 1598 953 1675 postquem
991 1613 1091 1656 unum
1130 1589 1416 1658 additamentumt

321 1701 483 1786 posterius
508 1698 742 1784 deprehensum
767 1705 825 1782 est,
851 1721 917 1765 non
938 1699 1006 1762 sine
1028 1719 1126 1762 cause
1142 1699 1293 1762 arbitrari
1310 1700 1392 1764 mihi

321 1805 443 1889 videor,
468 1809 566 1873 etiam
589 1807 654 1871 alie
677 1806 902 1872 additamenta
926 1805 1108 1874 difficiliore
1129 1807 1260 1872 inventu
1277 1807 1391 1872 delite—
1416 1800 1417 1848 i

322 1934 419 1979 scere.
467 1915 586 2000 Itaque
610 1914 735 1996 videsis,
761 1914 839 2001 quid
861 1913 983 1980 iudices
1008 1913 1048 1977 de
1071 1913 1134 1996 Ep.
1158 1913 1207 1986 Η.
1231 1919 1274 1979 28
1289 1915 1391 2002 Ἅμα.-

324 2070 409 2086 ....
435 2027 584 2109 διαφέρει
608 2023 643 2090 τὸ
667 2020 734 2106 ἅμα
759 2027 818 2090 τοῦ
841 2021 933 2108 ὁμοῦ.
988 2021 1039 2086 Ibi
1064 2023 1128 2085 trie
1145 2020 1324 2087 afferuntur
1351 2047 1392 2088 cx
1417 2002 1418 2038 λ

322 2129 467 2194 Homero
492 2137 622 2215 sumpta
646 2131 801 2216 exempla,
832 2151 971 2216 quorum
994 2153 1094 2196 unum
1124 2131 1222 2197 etiam
1252 2133 1285 2196 in
1309 2131 1391 2195 Am·
1418 2206 1419 2232 ,

322 2237 473 2302 moniono
490 2236 573 2304 libro
593 2239 763 2320 invenitur,
788 2239 925 2302 alterum
950 2244 982 2302 et
1005 2239 1136 2303 tertium
1153 2238 1391 2308 desiderantur,
1418 2241 1419 2244 ’

325 2344 390 2410 Sed
407 2344 483 2430 quid
501 2352 550 2409 est
566 2345 702 2428 facilius,
720 2366 817 2430 quam
834 2345 953 2414 talibus
974 2347 1007 2410 in
1024 2347 1122 2414 rebus
1139 2369 1225 2413 nove
1241 2347 1392 2432 exempla.
1419 2410 1420 2436 ,

323 2456 466 2521 invenire
499 2463 598 2540 etque
629 2456 661 2518 in
692 2455 800 2520 locum
826 2456 970 2537 priorum
1000 2453 1221 2522 substituere?
1255 2454 1309 2540 (cf.
1334 2455 1390 2524 Pr,
1419 2445 1420 2462 .

324 2560 368 2632 A,
400 2561 419 2648 ξ
450 2567 508 2646 20,-
539 2565 639 2633 Eran.
671 2562 732 2628 Ph.
769 2567 849 2650 1623
884 2563 924 2634 E.
958 2562 1000 2636 G,
1031 2568 1084 2646 40,
1112 2568 1167 2644 393
1197 2561 1303 2633 Tzetz.
1338 2585 1392 2644 ep.

324 2673 457 2738 Bachm.
484 2674 559 2744 Sch.
583 2675 674 2760 Lips.
697 2697 729 2757 p.
754 2679 839 2762 8123
864 2675 957 2744 Eust.
985 2677 1080 2753 1713,
1100 2677 1156 2759 30;
1186 2669 1295 2742 Schol.
1320 2670 1387 2753 Ap.

324 2785 431 2850 Rhod.
456 2785 485 2867 Ι,
513 2783 696 2876 10791-
728 2783 792 2867 Hp.
823 2782 867 2846 H.
905 2786 976 2846 110.
1038 2787 1147 2864 Δῆμος
1179 2783 1235 2847 καὶ
1273 2775 1393 2866 δημόςε

324 2898 490 2979 Διαφέρει·
516 2897 616 2977 δῆμος
640 2893 660 2960 o‘
681 2888 772 2976 λαός,
797 2889 900 2981 δημδς
923 2889 956 2956 τὸ
981 2895 1083 2973 λίπος,

724 3036 758 3104 ἐν
781 3041 870 3103 πίονι
895 3038 996 3122 δημῷ.

325 3181 400 3248 Ηοο
417 3181 598 3265 exemplum
616 3180 702 3264 apud
718 3179 825 3246 Amm.
844 3183 896 3243 40.
916 3178 1014 3242 deest.
1033 3173 1309 3263 (cf.Herod.168,
1325 3175 1392 3256 17).

326 3290 389 3374 Ep.
412 3289 456 3353 Η.
486 3293 558 3358 131.
607 3288 744 3356 Εἵνεκαε
769 3285 905 3372 (11124)
931 3333 1043 3349 .....
1070 3285 1171 3351 εἵνεκα
1196 3289 1255 3349 τοῦ
1279 3279 1393 3348 οἱλοεκα

327 3402 473 3483 διαφέρει
496 3402 556 3466 etc.
604 3394 712 3466 Amm.
733 3399 806 3463 106.
853 3393 1027 3463 Distinctio
1053 3391 1139 3476 apud
1165 3389 1392 3472 Epimeristanr

327 3505 453 3572 duobus
474 3504 624 3587 exemplis
641 3504 833 3582 illustratur,
853 3523 990 3585 quorum
1010 3500 1148 3565 alterum
1168 3494 1282 3564 οὕνεκα
1298 3491 1395 3563 καλὸν

327 3606 412 3692 εἶδος
438 3613 487 3680 ἔπ’
512 3613 581 3681 ἄλλ’
607 3607 662 3679 οὐκ
687 3610 755 3679 ἔστι
778 3616 830 3696 βίη
857 3614 966 3696 φρεσίν
990 3607 1077 3690 apud
1101 3605 1207 3675 Amm.
1234 3604 1333 3668 deest.

394 3759 539 3824 Transeo
573 3759 615 3822 ad
645 3780 699 3822 eus
735 3757 970 3839 distinctiones,
995 3757 1028 3819 in
1053 3753 1169 3841 quibus
1194 3751 1393 3837 explicandis

328 3868 471 3935 Eranius
495 3873 528 3930 et
551 3865 746 3932 Ammonius
770 3867 853 3930 inter
877 3887 910 3930 se
935 3863 1137 3944 dissentiunt,
1164 3866 1200 3926 ut
1224 3865 1392 3942 appareat,

329 3982 437 4042 utrum
466 3975 663 4057 Epimerista
694 3974 820 4056 saepius
852 3979 1018 4056 sequetur,
1049 3972 1112 4052 Ep.
1138 3970 1181 4034 H.
1211 3974 1262 4038 31.
1302 3965 1394 4034 ἕλοιο

328 4087 373 4176 (Β
390 4081 482 4170 801):
501 4088 647 4171 διαφέρει
664 4078 745 4151 ἄστυ
760 4082 811 4149 καὶ
827 4075 928 4160 πόλις·
947 4075 1042 4158 πόλις
1057 4083 1181 4159 λέγεται
1198 4075 1215 4144 ό
1232 4074 1326 4152 τόπος
1340 4078 1395 4141 καὶ
