2850 4854
451 455 581 515 ...77
631 491 670 500 ...

33 649 86 711 qne
108 633 193 694 teste
216 627 334 694 similia
366 629 400 694 iu
429 628 619 695 collectione
643 629 783 718 quedam
813 630 1020 715 synonymica
1042 653 1094 697 eu·

32 735 136 819 titisse,
170 758 236 802 non
267 736 378 820 video,
413 735 575 825 quomodo
614 759 666 804 res
700 739 887 822 explicetur,
920 737 982 803 uisi
1008 737 1094 808 libro

33 841 248 926 Herenniano,
273 865 359 909 nnnc
382 865 447 910 non
472 849 610 928 servato,
637 866 676 910 ea
693 845 805 910 deberi
820 847 962 929 ponitur.
989 846 1095 914 Ham

33 971 98 1016 sero
140 951 386 1037 epitomatorem
413 950 668 1018 Ammonianum
698 953 761 1019 hac
791 959 885 1037 parte
915 953 995 1018 nihil
1034 955 1096 1020 nisi

34 1077 147 1138 paucas
178 1057 323 1140 guttulas
360 1079 399 1122 ex
430 1057 606 1126 admodum
637 1059 748 1146 amplo
772 1059 862 1126 fonte
885 1061 1096 1150 intercepisse

35 1163 207 1250 putandum
238 1170 297 1229 est.
345 1161 459 1248 Quid?
491 1166 518 1230 si
548 1165 610 1230 hae
634 1167 781 1249 guttulae
803 1167 895 1256 ipsae
918 1169 1095 1236 hodiedum

35 1270 150 1338 fontem
182 1271 392 1354 integriorem
421 1271 574 1355 sapiant?
621 1276 664 1339 Et
687 1274 794 1341 hercle
819 1278 957 1361 sapiunt.
1004 1277 1096 1344 Nam

36 1385 158 1462 praeter
181 1377 289 1444 Amm.
317 1384 357 1444 72
385 1378 496 1466 Θυμός
518 1385 579 1466 μέν
601 1380 665 1448 ἐστι
687 1380 893 1471 πρόσκαιρος.
938 1381 1037 1474 Ὀργὴ
1063 1383 1097 1451 δὲ

36 1485 237 1570 πολυχρόνιος
264 1491 458 1577 μνησικακία
486 1485 558 1552 vide
581 1485 694 1559 Amm.
719 1493 770 1555 65.
817 1495 925 1581 Ζῆλος
947 1497 1008 1578 μέν
1031 1492 1094 1559 iuro

11 1637 13 1650 ι
37 1591 111 1684 λύπη
136 1592 186 1661 ἐπ’
211 1585 393 1676 ἀλλοτρίοις
416 1587 565 1678 ἀγαθοῖς,
592 1591 645 1663 oin
667 1598 723 1664 καὶ
746 1595 850 1687 ἑαυτῷ
871 1624 919 1678 τις
942 1600 1099 1686 ἐπιθυμεῖ

11 1709 252 1794 ,deprecatura
276 1723 372 1829 qqem
395 1707 448 1766 art
434 1701 568 1768 ticulum
599 1704 705 1790 sequit
707 1726 772 1768 ur
768 1705 861 1772 alius
892 1703 998 1782 Zr'tov
1029 1713 1099 1796 τρία

11 1805 110 1900 εἴδη.
143 1809 159 1872 ὃ
189 1807 249 1894 μὲν
278 1805 339 1896 γάρ
370 1808 439 1878 ἔστι
469 1807 698 1897 Μακαρισμός,
732 1811 825 1880 καθα
852 1820 911 1882 καί
937 1821 1018 1908 φησί
1039 1833 1096 1895 τις

11 1947 13 1986 ι
11 1919 136 2002 Ζηλοῦ
168 1914 227 1984 cdo
256 1923 313 1984 τοῦ
342 1915 477 1984 osrva'
459 1919 512 1984 επὶ
535 1921 626 2004 τῷδε
657 1915 811 2004 δεύτερος,
844 1920 932 1992 aaut
959 1921 1100 2015 ζηλωτής
1160 1991 1166 2005 ,

39 2045 112 2100 τινος
135 2019 328 2109 λέγεταιοῖ
295 2050 365 2092 ooo
383 2026 508 2112 Θησεὺς
519 2027 724 2112 Ἡρακλέους
748 2033 850 2114 κρίτος
874 2029 959 2114 ds,‘
943 2059 961 2100 ο
986 2029 1100 2120 φθόνῳ

11 2124 147 2232 ὅμοιος.
195 2130 269 2198 Tali
299 2132 398 2200 modo
429 2133 469 2196 de
497 2155 575 2198 voce
600 2132 693 2213 ζῆλος
716 2138 819 2226 egisse
844 2146 1021 2224 auctorem,
1046 2139 1101 2226 qui

11 2281 12 2330 ι
11 2235 189 2304 different
167 2243 230 2308 tlas
266 2241 486 2310 verborumt
473 2251 545 2312 trec
546 2247 663 2314 tendas
701 2251 762 2315 sibi
789 2251 978 2336 proposuit,
1013 2247 1101 2313 credi

11 2335 12 2404 ἷ
43 2347 161 2411 omnino
192 2369 259 2416 non
291 2357 410 2433 potest
460 2353 575 2421 Habes
604 2357 656 2421 hic
679 2357 747 2426 fort
733 2364 820 2422 tasse
844 2356 981 2422 disiecta
1004 2377 1101 2443 qnae-

43 2454 110 2520 dem
132 2456 278 2524 membra
301 2463 445 2542 corporis
461 2463 673 2529 Herenniani.
721 2465 923 2530 Herennium
947 2471 1034 2530 certe
1060 2463 1101 2528 ab

11 2559 12 2564 ’
43 2561 94 2646 hia,
128 2566 308 2652 dequibus
337 2572 454 2655 agitur,
490 2571 730 2640 definitionibus
743 2571 988 2656 *philosophicis
1012 2570 1102 2637 haud

11 2729 12 2768 3
45 2673 175 2744 alienum
215 2677 312 2744 fuisse
344 2687 481 2764 apparet
518 2702 557 2745 ex
587 2679 754 2749 Ammonii
781 2667 859 2748 loco
888 2703 920 2764 p.
952 2682 1014 2744 145
1047 2678 1106 2744 ubi-

11 2795 12 2884 s
45 2811 127 2860 voces
147 2791 239 2882 χαρά,
263 2788 455 2883 εὐφροσύνη,
479 2797 606 2879 τέρψις,
630 2789 782 2875 εὐθυμία,
799 2783 908 2877 ἡδονή,
926 2783 1104 2864 ἀπόλαυσις

11 2891 12 2894 “
47 2902 212 2967 secundum
235 2903 410 2985 notionem,
437 2922 532 2986 quam
556 2899 689 2980 hahent,
715 2897 922 2966 definiuntur,
968 2895 1024 2960 Ita
1046 2893 1106 2976 igi-

46 3015 90 3072 tur
118 3016 237 3093 statuo,
270 3010 442 3080 divisiones
465 3008 537 3074 illas
561 3028 675 3073 vocum
697 3000 802 3096 λιιίιο,
828 3001 918 3092 ὀργή,
945 3000 1055 3090 φόβοςΙ
1071 3003 1104 3065 in

47 3137 135 3200 opere
152 3117 361 3202 synonymiae
378 3117 535 3182 Herennii
548 3115 695 3180 Philonis
712 3113 864 3194 extitisse,
887 3109 928 3175 ab
950 3110 1107 3194 epitoma-

11 3259 12 3264 *
47 3230 162 3298 toribus
187 3250 273 3311 vero,
299 3248 440 3314 quorum
462 3225 536 3290 libri
559 3223 602 3288 ad
623 3222 707 3287 hano
727 3225 869 3286 aetatem
886 3219 1005 3284 servati
1021 3222 1106 3298 sunt,

48 3340 173 3406 omissas
215 3358 294 3408 esse.
357 3333 544 3400 Herennius
585 3336 696 3395 autem
737 3327 997 3414 haudquaquam
1028 3323 1108 3390 talia

11 3517 12 3520 Ἴ
47 3447 160 3526 primus
182 3445 314 3526 invenit,
291 3442 397 3508 tsed
420 3437 646 3526 iampridem
638 3460 671 3501 m
694 3435 962 3524 philosophorum
989 3431 1107 3497 scholis

11 3539 12 3562 *
50 3560 125 3619 eat
111 3553 248 3619 t·racta1i
278 3551 374 3620 solita
407 3555 508 3632 erant,
542 3552 640 3632 tque
670 3544 813 3612 omnium
841 3542 981 3610 maxime
1005 3539 1109 3608 Stoici

11 3703 12 3710 ι
50 3660 195 3727 similibus
220 3660 293 3724 dist
271 3665 352 3726 ttmc
338 3657 479 3723 tionibus
513 3650 719 3720 enucleandis
752 3672 886 3736 operam
910 3649 1037 3714 dedisse
1065 3647 1109 3711 vi-

11 3799 12 3806 *
51 3768 169 3842 dentur.
215 3769 301 3834 Here
334 3765 442 3832 omnia
471 3762 538 3844 illa,
572 3781 655 3846 quae
689 3758 899 3842 Epimerismi
929 3754 1108 3837 Homerici,

11 3873 12 3960 ξ
51 3878 250 3966 Epimerismi
272 3877 306 3940 in
321 3873 473 3940 Psalmos
496 3867 594 3934 ceteri
617 3868 681 3932 huc
704 3865 887 3952 spectantia
909 3864 1046 3946 habent,
1071 3863 1111 3927 si-·

51 3989 168 4054 milibus
197 3985 302 4052 verbis
336 4000 487 4066 expressa
519 3975 725 4042 inveniuntur
756 3973 844 4057 apud
872 3974 969 4054 Diog.
995 3971 1108 4038 Laert.

11 4117 13 4144 ῑ
53 4093 124 4179 VH,
159 4098 211 4178 64,
249 4091 337 4178 apud
361 4087 551 4155 Nemesium
585 4109 617 4152 rr.
655 4100 730 4168 φυα.
767 4079 844 4150 dor.
883 4079 923 4144 ed
947 4077 1111 4146 Matthaei
