2856 4850
487 453 704 514 ..21-

35 611 113 675 erit
139 610 269 676 librum
293 611 450 677 Herennii
473 611 601 676 nomine
627 632 683 676 seu
706 631 780 676 vere
805 631 860 675 seu
884 609 969 678 falso
1002 609 1132 695 insigni·
1175 693 1178 696 Ι

36 727 137 800 tum,
163 721 225 806 qui
242 719 413 786 Ammonii
434 720 532 786 fuerit
549 719 660 785 similis
681 717 819 805 ideoque
844 739 883 784 ca
908 717 975 782 fere
992 718 1021 782 ei
1038 739 1131 804 prae-

36 824 187 907 buerit,
216 847 299 912 quac
323 826 422 892 habet
445 826 660 910 AmmoniuS,
686 833 799 892 tamen
824 827 924 892 etiam
948 824 1132 894 Ammonio

40 955 156 997 usum
178 933 264 996 esscl
282 933 358 1000 Hoc
374 939 460 997 certe
477 932 589 998 debuit
605 932 841 1004 demonstrare,
887 932 1003 1005 Valck.
1021 939 1132 1000 autem
1212 953 1214 961 ·

40 1039 192 1104 nullum
211 1040 383 1121 vestigium
409 1039 560 1124 ostendit,
579 1062 644 1127 quo
669 1039 782 1106 confisi
807 1040 981 1107 credamus
1002 1046 1134 1126 praeter

41 1146 150 1210 illum
177 1145 300 1212 librum
325 1147 575 1214 Herennianum
599 1147 701 1213 alium
731 1147 850 1214 librum
886 1147 1134 1231 synonymicum

42 1253 217 1318 manibus
242 1254 410 1320 Eustathii
441 1257 590 1322 attritum
623 1277 701 1325 esse.
749 1251 863 1336 Quid?
896 1275 1003 1322 nonne
1034 1253 1132 1336 vides,

41 1383 161 1446 quam
189 1359 328 1426 fluctuet
351 1361 580 1429 Valckenaerii
608 1361 788 1444 sententia,
816 1367 853 1427 ut
876 1382 950 1427 eum
983 1362 1133 1426 nesciisse
1162 1418 1168 1426 .

43 1474 245 1553 appareat,
271 1467 349 1554 quid
380 1468 563 1534 statueret?
588 1469 701 1536 Primo
734 1469 807 1537 loco
841 1470 933 1555 ponit
956 1467 1133 1536 Eustatliio

44 1577 81 1638 in
118 1573 278 1643 manibus
307 1575 404 1638 fuisse
434 1582 466 1640 et
490 1574 663 1643 Ammonii
692 1576 839 1642 libellum
863 1582 895 1640 et
918 1575 1024 1641 simile
1054 1597 1134 1662 opu·

45 1683 194 1747 sculum
218 1683 278 1748 sub
295 1683 426 1750 nomine
443 1683 611 1766 Herennii,
636 1691 805 1770 postremo
830 1690 942 1750 autem
959 1683 1052 1769 ponit
1076 1688 1135 1748 aut

47 1789 271 1854 Herennium
298 1810 336 1856 eo
361 1811 457 1875 quem
483 1813 542 1860 nos
566 1791 726 1857 habemus
751 1791 948 1876 pleniorem,
972 1796 1031 1856 aut
1051 1788 1134 1856 Am·

50 1901 216 1963 monium
236 1897 277 1961 ab
296 1897 474 1964 Eustathio
492 1898 694 1984 descriptum
712 1919 795 1980 esse,
814 1903 850 1962 ut
867 1896 1000 1979 seligere
1017 1896 1132 1983 possis,
1162 1905 1164 1910 '

51 2013 178 2070 utrum
204 2005 488 2091 archiepiscopum
509 2005 689 2074 Ammonio
707 2005 788 2087 solo,
808 2026 851 2070 an
866 1999 1034 2072 Herennio
1051 2003 1132 2087 sole,

51 2136 99 2176 au
127 2111 319 2179 Ammonio
344 2119 376 2177 et
399 2113 566 2180 Herennio
604 2135 700 2178 usum
732 2113 832 2177 fuisse
873 2111 1004 2176 credere
1029 2111 1133 2178 malis,

52 2225 275 2305 Quocunque
291 2227 323 2284 te
346 2222 454 2302 vertis,
472 2221 711 2288 Valckenaerio
728 2221 813 2288 ratio
831 2242 898 2287 non
914 2225 997 2302 stat,
1021 2219 1133 2306 itaque

51 2327 201 2394 tandem
226 2329 293 2393 eius
318 2331 514 2395 sententiam
539 2331 674 2395 missam
699 2327 800 2410 facio,
824 2328 858 2390 in
883 2349 949 2414 qua
977 2327 1133 2410 redargu·

54 2437 146 2502 cuda
172 2437 243 2503 iam
268 2459 353 2502 nunc
383 2437 478 2502 nimis
511 2443 658 2504 moratus
691 2457 782 2518 sum,
816 2435 973 2522 quoniam
1005 2435 1058 2498 vix
1092 2433 1135 2499 ad

55 2571 129 2614 rem
158 2571 271 2614 meam
298 2548 415 2630 faciat,
441 2555 554 2614 utrum
578 2545 692 2614 Valck.
719 2544 759 2608 dc
782 2544 959 2612 Eustathio
983 2549 1069 2608 recte
1093 2564 1136 2608 an

57 2659 145 2725 falso
179 2655 378 2721 imlicaver-it.
428 2658 515 2724 Nam
551 2677 630 2740 ego,
664 2677 739 2720 cum
777 2654 1020 2722 demonstrasse
1056 2652 1136 2718 mihi

58 2768 187 2850 ridear,
200 2766 423 2834 distinctiones
433 2765 672 2832 Eustathiauas
690 2763 834 2828 exvariis
845 2760 1135 2830 fontibushaustas

59 2899 130 2941 esse
155 2875 309 2962 ideoque,
331 2875 414 2940 unde
431 2873 577 2956 singulae
594 2877 747 2957 sumptae
764 2871 840 2952 sint,
858 2871 910 2934 vix
927 2889 1131 2955 equaquam

60 2987 93 3046 in
110 2987 186 3049 luce
204 2985 360 3052 collocari
376 3003 472 3069 posse
489 2990 611 3068 putem,
636 3002 741 3068 neque
756 2981 826 3065 ipse
844 2979 883 3043 de
900 2983 1035 3044 auctore
1059 2996 1133 3042 meo

62 3094 215 3158 iudicans
241 3093 381 3156 multum
406 3092 550 3158 tribuam
569 3089 760 3172 Eustathio,
785 3109 890 3176 neque
915 3086 1048 3155 omuino
1066 3084 1136 3151 cius

63 3200 305 3266 arroteritatem
339 3200 402 3266 'hac
433 3201 466 3264 in
498 3221 534 3262 re
566 3196 776 3263 diiudicanda
794 3195 919 3278 ¹magni
950 3190 1136 3260 faciendam

64 3330 133 3371 esse
157 3308 312 3374 arbitror.
352 3307 405 3372 Ac
428 3330 467 3371 ne
491 3313 562 3372 tum
588 3306 721 3393 quidem
745 3304 829 3371 hanc
852 3303 885 3367 in
909 3301 1135 3390 quaestionem

14 3459 16 3466 >
66 3415 210 3480 multum
235 3414 496 3480 redundaturum
522 3436 592 3478 esse
617 3412 696 3480 mihi
713 3413 869 3499 persuasi,
888 3411 914 3475 si
937 3409 1010 3496 quis¹
1024 3414 1134 3474 totum

67 3523 253 3605 pervolutet
270 3523 493 3592 Eustathium.
539 3521 594 3587 Ab
619 3544 656 3586 co
680 3522 794 3588 labore
820 3525 852 3584 et
877 3515 1134 3587 Valckenaerius

68 3655 274 3720 quamquam
303 3635 370 3698 cius
400 3633 440 3698 de
464 3631 642 3698 Eustatliio
666 3651 736 3693 rem
761 3650 860 3714 quam
889 3625 1135 3693 accuratissime

69 3747 170 3814 statui
192 3745 296 3829 pluris
319 3746 488 3824 intererat,
514 3749 626 3809 tamen
651 3739 835 3822 abhorruit,
860 3757 964 3823 neque
998 3756 1073 3818 ego,
1099 3741 1137 3800 ut

70 3859 133 3923 tale
159 3854 238 3943 quid
261 3853 475 3938 susciperem,
502 3874 521 3916 a
548 3875 600 3918 mc
624 3851 801 3936 impetrare
832 3847 943 3933 potui,
980 3845 1138 3932 quoniam

73 3963 345 4032 commentarium
383 3960 426 4025 ad
459 3960 579 4026 librum
613 3958 726 4026 Iliadis
759 3967 792 4026 11
823 3962 932 4022 totum
968 3953 1137 4040 perlegens

73 4094 174 4160 neque
209 4092 309 4136 unam
335 4068 574 4135 distinctionem
605 4069 650 4132 ibi
680 4063 852 4146 inveniens,
883 4061 1090 4147 iudicemque
1118 4081 1138 4124 a
