2850 4854
719 491 941 550 ...92-

293 663 333 730 de
350 667 456 748 ·μέμιις
478 669 511 728 et
534 663 635 741 πολύς
656 663 788 728 vocibus
813 671 846 728 et
867 664 946 750 ipsis
971 665 1074 746 egisse
1097 664 1263 747 putandus
1288 663 1370 730 est?

292 771 535 860 Epitomatores
567 793 645 836 sane
677 793 908 858 nonnunquam
940 773 1134 852 omiserunt,
1174 770 1283 854 siquid
1318 773 1368 835 eis

292 899 569 962 supervacaneum
592 900 662 944 esse
685 878 867 968 molebatur.
915 877 1002 961 Quid
1026 886 1134 944 autem
1158 879 1262 960 magis
1289 879 1370 944 doc-

290 990 411 1054 trinam
434 988 676 1052 Herennienam
712 987 798 1070 sepit
828 1011 929 1074 quam
959 987 1042 1054 illud
1063 986 1257 1068 Etymologi
1287 985 1369 1054 α’κα-

292 1098 429 1180 poleym,
453 1093 542 1181 quod
565 1093 654 1178 apud
677 1091 891 1159 Ammonium
907 1095 941 1159 in
956 1095 1020 1160 hae
1036 1093 1243 1158 distinetione
1258 1093 1367 1176 deest,

291 1206 382 1265 extat
402 1201 437 1264 in
459 1201 621 1266 nonnullis
646 1201 718 1264 aliis
743 1201 797 1286 (ef.
821 1224 853 1284 p.
879 1208 920 1266 27
944 1201 1027 1289 βίας,
1051 1225 1082 1284 p.
1109 1206 1161 1266 34.
1193 1207 1367 1286 γενέθλια,

289 1329 322 1390 p.
353 1311 416 1372 145
450 1302 597 1393 φωλεδς).
651 1307 704 1372 Ae
738 1329 779 1371 ne
810 1307 922 1372 dubito
954 1309 1086 1392 quidem
1116 1309 1255 1392 plenion'
1288 1331 1366 1375 meo

292 1413 473 1480 Ammonio
489 1415 632 1479 tribuere
648 1417 834 1498 Etymologi
850 1417 1089 1484 distinctionem
1107 1423 1182 1499 354,
1201 1423 1244 1482 28
1264 1443 1366 1508 κυνη-

292 1534 361 1607 γεῖν
389 1531 446 1590 τοῦ
476 1525 659 1606 ἶχθνᾶσθαι
683 1523 837 1604 διαφέρει·
868 1535 1015 1613 κυνηγεῖν
1037 1520 1153 1609 με’ναὸ
1176 1523 1364 1592 διακινῶν

290 1627 345 1704 τὴν
368 1625 475 1719 θήραν
497 1626 683 1716 λαμβάνειν,
709 1633 890 1712 ἶχθνᾶσθαι
913 1631 947 1698 δὲ
969 1629 1005 1698 τὸ
1031 1629 1149 1714 ἰχθύας
1171 1629 1365 1718 λαμβάνειν·

291 1734 309 1798 ὅ
333 1724 390 1806 οὖν
412 1734 522 1820 εἰπών,
547 1736 663 1820 ἰχθύας
687 1735 879 1828 ἐκιαηγησα,
911 1736 1111 1824 ἅκνρολογεῖ.
1165 1738 1253 1802 Nam
1281 1738 1366 1802 illud

289 1842 478 1930 α’κνρολνγεῖ
500 1845 586 1912 unde
611 1847 789 1932 assumpsit
805 1846 1028 1928 EtymologuS,
1052 1847 1115 1908 nisi
1139 1867 1178 1908 ex
1195 1847 1367 1910 Ammonii

290 1952 388 2018 simili
411 1950 517 2018 libro?
562 1950 658 2034 Quid,
684 1953 774 2036 quod
797 1954 840 2020 ad
864 1976 938 2018 eam
961 1953 1156 2036 progredior
1179 1953 1365 2035 audaciam,

291 2064 329 2124 ut
366 2065 471 2125 totam
503 2081 756 2142 synonymorum
789 2063 904 2125 seriem
935 2062 1082 2146 pleniori,
1114 2083 1212 2148 quem
1251 2069 1363 2127 mente

289 2164 477 2250 amplector,
509 2164 688 2234 Ammonio
721 2168 922 2234 obnudam?
964 2173 1002 2239 Ε,
1034 2171 1075 2239 G.
1110 2174 1184 2254 503,
1203 2176 1245 2234 38
1276 2168 1366 2258 Σκή-

288 2279 448 2357 πτεσθσι,
479 2277 535 2340 καὶ
558 2279 752 2344 σκέπτεσθαι
774 2277 859 2355 τινές
880 2277 940 2362 μὲν
962 2272 1059 2344 valui
1083 2273 1238 2368 ᾠήθησαν
1262 2268 1363 2360 εἶναι,

288 2379 372 2448 ἄλλα
386 2383 606 2468 διαφέρουσιν
629 2386 664 2447 αἱ
686 2387 798 2471 λέξεις·
836 2384 1039 2474 σκήπτεσθαι
1061 2383 1122 2468 μὲν
1145 2381 1217 2471 γαὶρΙ
1238 2385 1305 2454 ἔστι
1328 2412 1365 2455 το

222 2504 223 2508 ’
288 2486 560 2576 προφασίζεσθαι·
577 2489 820 2562 σκὲνιτεσῧαιδὲ
832 2493 869 2562 τὸ
885 2492 1166 2580 σνμβονλεύεσθαί
1178 2522 1217 2561 τι.
1248 2501 1359 2570 Amin,

292 2601 355 2660 128
385 2595 596 2692 Σκήπαεσθαι
630 2603 692 2668 καὶ.
715 2603 920 2670 §nemmem
956 2600 1109 2688 διαφέρει·
1144 2603 1363 2692 Σαήπτεσθαι

286 2703 347 2790 μὲν
373 2698 434 2791 γάρ
461 2702 527 2772 ἔστι
558 2705 601 2774 τό
633 2710 903 2794 προφασίζεσθαι·
928 2709 1128 2778 Σκέπιεσθαι
1151 2711 1199 2795 δέ,
1231 2709 1266 2778 ιδ
1287 2721 1363 2800 βου-

287 2807 454 2880 λεύεσθαι.
492 2811 704 2898 Epitomator
727 2813 970 2882 Ammonianus
994 2826 1081 2883 eerte
1104 2841 1177 2884 eam
1199 2820 1362 2886 rationem

289 2918 417 2984 dicendi
446 2920 529 2999 τινὲς
555 2921 615 3006 μὲν
646 2921 739 2991 ταύτὸ
771 2920 927 3014 ᾠήθησαν
958 2917 1041 2993 εἶναι
1067 2926 1163 2991 nimis
1196 2949 1266 2992 esse
1305 2930 1361 2996 im·

293 3026 438 3110 plicitam
459 3035 491 3093 et
506 3028 680 3096 molestam
696 3037 798 3112 natue,
822 3031 986 3116 superflue
1004 3033 1131 3100 abiecit.
1171 3034 1270 3100 Nune
1287 3057 1360 3102 oum

294 3155 367 3202 eam
391 3135 519 3200 dicendi
540 3138 703 3202 rationem
727 3139 769 3202 ab
785 3139 952 3206 Herennio
979 3142 1160 3227 proiectam
1184 3165 1254 3208 esee
1276 3145 1358 3210 mihi

285 3263 477 3326 persuasum
510 3246 564 3326 sit,
608 3267 679 3310 eom
712 3269 963 3335 synonymorum
996 3253 1127 3332 seriem,
1160 3251 1216 3315 ubi
1239 3253 1356 3316 similia

288 3358 473 3434 occurrunt,
505 3352 642 3434 pleniori
671 3354 718 3418 illi
749 3353 928 3424 Ammonio
959 3357 1078 3428 insero,
1128 3358 1169 3429 Ε.
1193 3359 1234 3428 G.
1260 3363 1357 3440 47,e

289 3454 412 3546 α’μῦναι
443 3463 499 3528 καὶ
538 3460 699 3546 ἐπαμῦναι
730 3463 813 3540 τινές
852 3462 948 3532 ταύτὰ
992 3463 1147 3554 ᾠήθησαν
1178 3458 1270 3534 εἶναι·
1302 3464 1358 3536 mix

287 3567 430 3656 α’ληθῶς,
464 3572 609 3654 διαφέρει
638 3567 697 3652 γάρ
722 3577 782 3639 eto.
807 3593 904 3656 quem
930 3572 1167 3640 distinctionem
1190 3575 1357 3640 Herennio

287 3674 407 3758 deberi,
439 3675 516 3741 lieet
537 3676 570 3740 in
586 3674 806 3744 Ammoniano
824 3678 905 3743 libro
924 3679 1017 3762 desit,
1043 3679 1245 3746 demonstrat
1261 3681 1356 3746 etiam

285 3783 374 3846 loeus
398 3783 690 3866 Epimerismorum
716 3785 818 3850 Hom.
844 3809 874 3868 p.
895 3792 935 3850 10
960 3791 1014 3854 καὶ
1037 3787 1138 3856 παλαι
1161 3786 1281 3874 ἀμῦναι
1303 3793 1357 3856 καὶ

286 3887 447 3976 ἐπαμῦναι
469 3896 617 3977 διαφέρει
642 3897 701 3954 etc.
728 3891 782 3976 (of,
808 3915 877 3975 cap.
904 3894 1008 3980 VIH)
1033 3897 1072 3960 Ε.
1100 3901 1137 3964 G.
1166 3900 1261 3978 76‚42
1287 3893 1355 3979 α’ρι·

285 3999 410 4085 θμῆσαι
437 4001 493 4066 καὶ
520 4007 673 4087 μετρῆσαι
699 4000 779 4078 τινὲς
806 4000 866 4086 μὲν
895 4000 931 4070 τὸ
956 3999 1032 4072 αὐτὸ
1057 4000 1221 4089 ἐνόμισαν,
1248 4007 1354 4090 διαφέ-

286 4124 378 4190 ρουσι
401 4107 434 4173 δὲ
459 4105 600 4194 ἀλλήλων
625 4112 685 4178 eie.
710 4110 746 4176 E.
772 4111 809 4178 G,
834 4112 909 4192 257,
931 4115 972 4174 36
998 4111 1125 4200 θέλημα
1153 4115 1208 4179 καὶ
1232 4117 1352 4202 deipn-
