2856 4850
470 470 690 532 ,95-

57 663 150 728 talem
176 662 343 728 hominem
368 663 481 728 vixisse
510 665 637 730 nullum
670 670 795 731 extaret
825 665 1006 748 vestigium,
1042 687 1117 733 cum

57 777 164 854 postea
185 771 280 835 multi
300 772 367 836 eius
384 772 522 837 nominis
548 773 699 855 viverent,
724 794 790 840 non
814 793 933 840 nomen
963 775 1115 856 austurio,

56 877 105 941 sed
133 900 254 946 nomeu
283 879 508 964 epitomatoris
538 881 571 943 in
600 879 765 945 codicibus
790 886 900 946 extare
924 880 1020 946 facilc
1046 881 1116 966 quis

57 986 206 1058 crederet,
249 988 299 1052 At
322 988 403 1070 vide,
429 987 532 1070 sodes,
560 987 726 1074 quomodo
752 987 878 1052 codices
903 988 1119 1074 manuscripti

57 1115 84 1156 se
105 1093 260 1165 habeant.

114 1199 235 1266 Montf.
262 1199 346 1272 Bibl.
370 1201 455 1272 Bibl.
478 1199 576 1267 MSS.
602 1201 709 1273 Nova.
760 1201 878 1268 1685.
924 1201 1006 1270 Cod.
1031 1207 1119 1269 ,7373

57 1307 146 1392 (Bibl.
171 1307 324 1395 Hibero.)
374 1309 547 1377 Ammonii
569 1309 713 1376 Lexicou
737 1307 866 1375 Graece
901 1317 933 1375 ct
965 1312 1121 1397 interpre-
1168 1373 1170 1376 .

58 1415 130 1481 tatio
165 1417 335 1481 nominum
373 1415 624 1484 Hebraicorum.
664 1455 705 1464 —
745 1417 792 1498 II,
812 1419 875 1481 246
913 1416 996 1486 cod.
1032 1423 1118 1484 8563

58 1519 171 1604 (Catal.
202 1522 273 1593 libr,
303 1521 402 1594 MSS,
426 1523 525 1607 Angl.
551 1533 583 1590 et
607 1525 699 1610 Hib)
741 1525 940 1593 Ammonius
966 1527 1006 1592 de
1031 1525 1119 1592 diffe-

58 1629 194 1694 rentibus
219 1637 252 1693 et
275 1629 434 1696 similibus
458 1632 634 1704 vocabulis,
671 1673 711 1680 -
745 1633 874 1700 Haeuel
907 1633 1013 1701 Oatal.
1048 1633 1120 1705 libr,
1152 1664 1257 1762 &mr
1278 1663 1400 1725 aaa„

58 1733 145 1805 uss.
194 1759 225 1821 p.
262 1743 324 1800 aar
358 1737 439 1804 coo.
475 1744 560 1804 2336
592 1739 789 1812 Miuuieuu
844 1741 1015 1828 νμμωωυ
1044 1745 1117 1828 περὶ
1259 1709 1276 1760 r

58 1833 1402 1929 rwmffimmmfflmmmmm

13 2033 14 2038 ἵ
59 1947 142 2013 llisc.
170 1955 246 2014 210,
295 1974 356 2017 sec.
382 1953 453 2022 XV
475 1953 647 2023 Ammonii
674 1953 893 2021 Grammatici
927 1954 966 2018 de
999 1957 1121 2041 impro·
1160 1952 1327 2018 bammum
1348 1957 1384 2010 ὅδ’

13 2133 15 2156 ι
60 2058 121 2138 pria
157 2057 299 2125 dictione
332 2062 540 2133 tractatulus,
598 2065 768 2149 Ἀμμωνίου
791 2066 865 2151 περὶ
896 2063 1119 2152 οἶκνρολογὶας.

13 2175 14 2186 ’
60 2162 257 2250 ω’κνρολογίω.
299 2167 470 2252 Ἀμμωνίου
492 2173 564 2257 περὶ
586 2171 705 2256 ὁμοίων
728 2174 781 2239 καὶ
805 2171 970 2259 διαφόρων
993 2173 1119 2260 λέξεων.

13 2299 14 2306 “
61 2271 177 2340 Villois.
204 2272 269 2340 An.
291 2272 414 2358 Gan,
437 2281 507 2342 102.
549 2276 630 2344 cod.
651 2283 713 2342 652
741 2279 912 2365 „Denique
938 2280 1121 2365 Ἀμμωνίου
1167 2269 1303 2338 bom,
1335 2259 1414 2326 t'il.

13 2457 14 2466 ἵ
61 2382 122 2464 περὶ
142 2381 263 2465 ὁμοίων
286 2383 339 2449 καὶ
363 2381 528 2470 διαφόρων
548 2389 663 2472 λέξεων
685 2407 787 2468 usquc
810 2384 853 2452 ad
869 2407 982 2452 vocam
1002 2389 1122 2474 Οἲκῆας

13 2487 14 2490 ’
60 2483 162 2553 literae
206 2488 246 2558 Ο.
284 2487 424 2555 Caetera
454 2497 566 2558 autem
598 2492 677 2560 folia
708 2493 739 2556 in
768 2493 831 2560 hoc
865 2492 975 2561 codice
1007 2492 1122 2559 avulsa

62 2599 158 2665 sunt,“
209 2597 260 2660 De
286 2597 401 2664 eodem
427 2597 537 2665 codicu
561 2621 592 2685 p,
618 2605 701 2664 249:
756 2599 859 2681 „Ood
883 2599 1015 2666 DOLII
1038 2598 1120 2666 Am-

63 2705 149 2768 monii
181 2709 256 2788 περὶ
287 2706 407 2789 ὁμοίων
437 2708 490 2773 καὶ
523 2705 689 2796 διαφόρων
712 2712 839 2796 λέξεων.
885 2708 926 2772 In
951 2707 1014 2772 Ed.
1039 2703 1119 2770 Ald.
1149 2713 1153 2720 '

62 2809 198 2895 iinport¹¹
246 2853 285 2859 —-
331 2813 512 2896 Catalogus
551 2817 675 2898 Regiae
707 2815 901 2882 Parisiensis
943 2814 1020 2880 mihi
1056 2835 1123 2880 non

62 2929 183 3000 praesto
208 2921 287 3002 fuit,
313 2921 370 2986 sed
395 2921 472 2990 audi
496 2922 687 2988 Fabricium
717 2923 758 3004 V,
790 2927 852 2986 715
876 2921 962 2986 Bibl.
988 2919 1048 2992 Gr.
1072 2919 1123 2991 ed,

64 3026 203 3099 Harless
254 3029 377 3110 „Paria
402 3032 436 3094 in
460 3030 537 3094 bibl.
563 3030 653 3116 publ,
677 3032 710 3094 in
735 3028 830 3100 codd.
855 3033 941 3114 2652
967 3034 999 3093 et
1023 3031 1120 3110 2659j
1183 3065 1185 3070 ,

64 3143 91 3198 ut
121 3140 153 3202 in
187 3137 298 3202 codice
330 3141 423 3221 2662-
452 3159 521 3202 esse
554 3138 672 3203 dicitur
705 3136 830 3223 (Catal.
861 3134 1123 3207 codd.r0m.11

64 3265 87 3326 p.
111 3246 188 3332 536)
223 3247 380 3327 anonymi
408 3244 447 3309 de
472 3246 630 3311 similibus
656 3253 688 3311 et
713 3244 933 3311 differentibus
958 3243 1124 3310 vocabulis

64 3350 189 3436 libellus,
216 3353 258 3418 ab
276 3351 457 3418 Ammonio
483 3359 514 3417 et
530 3353 724 3420 Ptolemaeo
745 3351 940 3419 Ascalonita
965 3351 1121 3432 diruam,

65 3460 142 3525 cuius
175 3467 288 3526 tamen
312 3481 380 3544 opo¹
394 3441 595 3527 'Ammonius
619 3462 751 3546 prodire
775 3461 878 3547 possit
902 3457 1119 3526 emendatior.

69 3603 100 3612 -
133 3607 173 3614 -
206 3567 326 3637 nonu,
351 3557 435 3636 auu
467 3567 552 3638 aar.
577 3568 624 3650 Π,
645 3574 718 3633 uo.
767 3569 872 3634 Para.
898 3567 980 3648 aeg.
1005 3565 1120 3630 aranu
1167 3545 1288 3630 taut.
1312 3564 1390 3620 ur<

67 3671 201 3738 Philonis
236 3674 276 3738 de
308 3674 489 3739 differentia
522 3675 775 3758 significationis,
817 3715 856 3723 -
891 3675 991 3755 1‚34‚
1037 3671 1123 3736 Bibl.

66 3781 171 3863 Regin,
206 3781 313 3867 Suet„
349 3783 390 3847 ln
414 3783 523 3854 Vatic,
554 3789 628 3852 928.
676 3785 820 3850 Eranius
849 3781 946 3847 Philo
973 3780 1012 3844 de
1038 3778 1125 3844 diffe·
1161 3765 1289 3898 δῆιιὸω
1326 3779 1385 3832 l3¹

67 3894 137 3955 uoti
170 3912 285 3957 vocum
312 3889 516 3956 Graecarum
545 3891 777 3972 significatione
807 3912 864 3976 per
887 3887 1123 3975 Alphabetum.

69 4032 102 4042 -
124 3999 152 4080 Ι,
172 4004 234 4061 676
260 3997 345 4062 Bibl.
376 3995 505 4079 Anglic.
532 3997 640 4070 MSS,
686 3999 731 4068 Is.
755 3999 852 4067 Voss,
885 4000 970 4060 2247
1001 3995 1126 4061 Hercu·
1167 4001 1256 4056 tui
1285 3993 1379 4072 afflui

15 4097 16 4106 ’
68 4103 127 4168 nius
151 4105 247 4174 Philo
280 4105 351 4195 (qui
381 4106 477 4190 vulgo
501 4105 733 4194 Hammonius)
764 4105 814 4169 vol
839 4102 992 4191 Symeon,
1028 4109 1065 4169 ut
1092 4103 1126 4168 iu
