2850 4854
477 418 698 480 ...75ss

60 591 165 680 luisse,
193 595 300 679 ceteri,
326 594 444 680 quibus
467 589 634 682 Arcpnpcc'
653 593 728 661 illae
752 594 904 673 citantur,
938 594 1002 662 leci
1025 590 1127 662 inani-
1159 659 1162 666 ,

60 705 188 771 festant.
237 703 302 769 Sed
326 725 437 771 eorum
459 703 605 770 locorum
629 725 711 768 unus
735 704 878 790 pertinet
901 701 944 770 ad
968 701 1127 767 distincti-

62 835 151 878 onem
184 812 224 876 ab
248 811 423 878 Ammonio
452 811 584 892 eiusque
608 816 743 876 auctore
759 810 926 876 Herennio
950 809 1047 896 plane
1070 809 1126 875 ab·
1173 807 1176 820 '

62 921 259 984 horrentem:
299 919 341 989 Ε.
364 917 412 989 Μ.
438 921 512 1004 590,
538 921 579 980 32
603 916 776 1000 Μοναχός.·
800 965 935 990 ......
959 912 1057 1004 Ζήνει
1080 919 1129 994 εἷς

62 1025 112 1104 τὰς
134 1024 311 1111 Διαφοράς.
365 1024 618 1093 Distinctionem
650 1046 768 1092 vocum
798 1024 902 1112 μόνος
930 1032 963 1089 et
984 1021 1126 1110 μοναχός

62 1134 193 1201 inveniri
224 1137 285 1220 Ep.
317 1133 372 1198 Ps.
398 1137 463 1196 183
500 1125 713 1197 uteminimus
765 1132 867 1200 Nullo
898 1133 999 1216 igitur
1028 1131 1129 1200 modu

62 1243 169 1324 negari
191 1247 316 1324 potest,
340 1240 426 1304 hanc
449 1235 662 1302 differentiam
684 1239 717 1301 in
741 1238 905 1306 nonnullis
929 1237 1127 1306 collectioni·

63 1348 118 1412 bus
142 1347 353 1432 synonymicis
377 1346 529 1427 extitisse,
553 1365 619 1410 non
641 1344 747 1411 minus
766 1333 883 1420 ¹autem
907 1365 962 1414 eas
986 1345 1130 1419 conecti«

64 1477 146 1540 oneS,
177 1455 322 1543 quamvis
353 1454 456 1521 multa
489 1473 528 1516 ex
549 1452 717 1530 Herennio
748 1453 954 1538 sublegerint,
979 1473 1127 1522 nonnun-

65 1585 155 1648 quanr
183 1564 224 1628 ab
257 1583 294 1627 eo
323 1562 430 1626 aliena
461 1559 643 1624 exhibuisse
674 1567 824 1644 apparet.
874 1561 995 1646 Itaque
1025 1583 1130 1645 saepe-

65 1671 219 1740 dubitatio
244 1671 374 1751 orietur,
399 1674 508 1734 utrum
533 1666 625 1753 quid,
660 1668 750 1750 quod
773 1669 807 1732 in
830 1669 989 1756 epitomis·
1002 1671 1129 1738 nostris

66 1780 165 1861 operis
181 1777 383 1843 Herenniani
407 1774 506 1857 deest,
532 1773 574 1840 ab
598 1775 871 1858 epitomatoribus.
892 1777 1048 1844 omissum
1071 1779 1122 1860 sit,

65 1905 104 1949 an
133 1885 388 1950 additamentum
418 1883 460 1948 eb
483 1881 650 1946 Herennio
682 1883 821 1948 alienum
852 1883 1038 1951 habendum
1072 1887 1122 1951 sit.

67 1992 155 2076 Quod
188 1994 276 2060 cedit
308 1993 341 2056 in
373 1992 454 2059 dues
485 1991 525 2056 E.
559 1990 608 2062 M.
638 1991 742 2063 locos:
774 1997 856 2075 348,
877 1997 916 2060 19
942 1994 1125 2084 ,Ἐξηνηιαίς

67 2151 193 2174 ......
218 2101 313 2176 Ζὴιει
336 2104 382 2180 εἷς
402 2097 462 2179 τὰς
477 2094 647 2186 Διαφορᾶς
662 2107 694 2164 et
711 2104 785 2184 349,
807 2106 845 2166 15
863 2097 1125 2189 Ἐξοστρακισμός

141 2205 236 2299 Ζήνει
260 2213 304 2286 εἰς
331 2207 392 2288 τὰς
422 2202 597 2296 Διαφοριῖς.
648 2209 712 2276 His
737 2209 877 2294 enimin
901 2209 1060 2296 epitomis
1076 2209 1126 2276 tel

67 2317 278 2386 Ammoniana
294 2318 344 2382 vel
361 2317 570 2383 Ptolemaeea
592 2315 642 2380 vel
658 2315 827 2381 Eraniana
843 2315 921 2380 nihil
936 2316 1124 2400 respondet.

67 2425 148 2491 Unus
181 2427 272 2492 deest
294 2426 398 2508 locus,
423 2423 478 2490 ubi
500 2425 575 2489 illae
598 2431 761 2512 Διανοραί
782 2431 964 2496 occurrant.
1010 2426 1052 2492 Ε.
1075 2425 1128 2498 Μ,·

69 2538 134 2618 458,
155 2541 197 2600 20
229 2531 353 2620 Θαμός.·
486 2541 585 2600 Ποιοῦ
615 2534 723 2610 εἴδους
751 2535 813 2600 τῶν
844 2527 1128 2603 ὑποπεπτωκότων

69 2649 104 2731 τῷ
130 2637 270 2730 ὀνόματα
304 2645 333 2710 ei
355 2641 414 2728 μὲν
438 2647 587 2730 σημαίνει
608 2641 667 2716 τὴν
698 2635 829 2729 ψυχαῖν,
860 2647 995 2723 revexeri-
1027 2645 1059 2712 εἰ
1088 2642 1126 2711 δὲ

72 2758 205 2838 σημαίνει
233 2750 294 2826 τὴν
316 2749 423 2836 ὀργὴν,
455 2750 584 2817 εἰδικοῦ.
629 2755 785 2837 Διαφέρει
807 2748 868 2836 γὰρ
897 2747 986 2840 ὄρνιν’,
1017 2755 1124 2837 μῆνις,

70 2858 156 2946 κόνις,
179 2856 283 2944 χόλος,
307 2852 422 2944 θυμός.
461 2853 556 2947 ztan
581 2853 705 2936 εἰςτὰς
727 2855 912 2945 Aeaeaque
951 2856 1060 2928 Amin.
1084 2864 1125 2924 72

73 2966 166 3054 Θαμὸς
191 2975 252 3056 μέν
278 2965 344 3037 ἐστι
372 2961 570 3055 πρόσκαιρος·
596 2963 684 3053 Ὀργὴ
712 2963 756 3050 δὲ,
784 2963 992 3052 πολυχρόνιός
1014 2967 1130 3060 penul«

70 3077 294 3146 analatrasum
316 3077 369 3141 vix
392 3074 581 3162 credideris,
616 3073 850 3157 Etymologum
880 3073 972 3140 illum
995 3075 1125 3144 tenuem

72 3179 224 3248 Ammonii
246 3184 357 3250 locum
386 3189 493 3247 mente
526 3181 710 3264 amplexum
741 3203 820 3264 esse,
849 3181 945 3250 immo
979 3203 1052 3246 eum
1081 3182 1129 3252 ad.

72 3292 249 3376 ampliorem
283 3290 446 3378 quendam
474 3291 580 3355 lor-um
610 3289 820 3372 spectavisse,
855 3311 947 3372 cum,
988 3295 1025 3354 ut
1055 3289 1129 3374 ipsc

72 3400 272 3483 explicatione
296 3399 424 3465 illarum
441 3418 554 3464 vocum
570 3396 805 3480 supersederet,
831 3397 873 3462 ad
888 3397 1007 3465 librum
1022 3397 1125 3481 illum,

73 3508 243 3592 ,Αιιιφιιραίί
266 3506 456 3591 inscriptum
478 3511 685 3590 provocaret.
725 3506 798 3572 Iam
813 3526 899 3588 vere,
925 3505 952 3576 si
968 3505 1126 3572 distinct

73 3619 155 3680 tuem
171 3635 285 3680 vocum
300 3621 403 3699 μῆνις,
428 3605 514 3696 ὀργή,
538 3610 641 3697 χόλος,
665 3610 769 3697 καίος,
794 3609 904 3694 θυμός
925 3612 1008 3680 libro
1033 3633 1126 3696 syno-

72 3723 182 3801 nymico
207 3721 318 3786 deberi
341 3742 546 3808 poneremus,
571 3720 786 3790 nunne'idem
806 3720 1019 3789 statuendum
1040 3725 1127 3789 esset

73 3826 104 3891 dc
132 3829 323 3917 quibusdam
358 3827 549 3898 simillimis?
605 3828 689 3899 Vide
722 3828 821 3894 modu
853 3833 892 3900 a.
915 3828 963 3900 M.
989 3832 1064 3913 571,
1080 3833 1123 3896 55

73 3933 175 4028 Arius:
317 3945 484 4025 διαιρεῖται
515 3977 556 3985 -
590 3941 636 4014 εἷς
668 3940 705 3998 δ’·
739 3940 785 4016 εἰς
813 3935 909 4021 ἄχος·Ι
930 3939 978 4014 εἷς
1008 3935 1124 4022 ἄχθος,

75 4043 183 4127 φθόνον
206 4049 260 4116 καὶ
283 4045 373 4116 ἔλεον
397 4052 434 4111 et
452 4049 491 4112 E.
507 4045 555 4118 M.
581 4051 655 4129 797,
674 4049 714 4112 51
743 4043 851 4136 Φόβός
986 4047 1055 4138 εἴδη
1082 4081 1126 4096 -·
