2850 4854
478 519 817 588 -91-.

58 690 143 781 ἅρετη
167 699 290 772 κακίας·
315 693 348 761 τὸ
367 693 426 780 μὲν
441 689 496 762 ε’πὶ
511 689 622 780 α’ρετῆς
637 691 792 764 τοίσσεται.
811 692 846 763 τά
871 693 905 763 δέ
920 693 975 762 ἐπὶ
993 699 1118 779 κακίας,

57 797 129 867 ὅθεν
153 805 186 868 οί
211 804 346 878 παλαιοὶ
370 802 520 888 ὡρίσαντο
545 799 655 879 οὕτως·
688 801 812 886 θάρσος
837 799 899 870 ε’στλ
922 804 1029 892 ψυχῆς
1052 827 1114 870 πα-

59 903 196 998 ράστημα
228 905 311 994 μετά
342 914 503 990 λογισμοῦ·
544 907 669 995 θράσος
707 908 741 976 δὲ
773 908 794 1002 ἡ
826 909 1022 993 άλογιστία,
1040 905 1119 976 ὅθεν

59 1013 227 1107 Εὐριπίδης
258 1015 433 1103 ἁμαρτάνει
457 1020 566 1098 λέγων,
596 1013 633 1084 οδ
666 1013 792 1100 θράσος
823 1009 890 1086 τάδ’
925 1015 1008 1085 ἔστιν
1042 1010 1119 1085 adds*

15 1157 16 1164 ν
57 1127 149 1212 τδλμη
166 1131 272 1202 κακῶς
293 1130 405 1212 φίλους
422 1119 598 1211 δράσαντας
616 1124 762 1202 ἐναντίως
779 1123 917 1211 βλέπειν.
952 1127 1057 1195 Amm.
1078 1127 1117 1188 71

61 1230 184 1318 Θράσος
213 1235 265 1300 καὶ
299 1229 427 1318 Θάρσος
459 1235 616 1318 διαφέρει·
652 1231 783 1317 Θράσος
814 1223 876 1316 μὲν
903 1229 962 1316 γάρ
991 1231 1118 1320 ἐστινὴ

14 1409 15 1432 η
60 1337 173 1420 ἄλογος
196 1338 290 1428 ὁρμή·
319 1338 446 1425 Θάρσος
471 1337 517 1426 δὲ,
542 1335 673 1422 ἕλλογος
697 1334 788 1425 ὁρμά.
827 1337 994 1422 Videsne,
1019 1359 1119 1424 quem

14 1479 16 1512 l
60 1449 142 1531 piger
163 1446 329 1528 librarius,
354 1447 409 1532 qui
433 1445 517 1510 hane
534 1467 554 1509 a
570 1445 806 1514 Valckenaerio
831 1445 955 1513 editam
979 1445 1119 1514 collecti-

14 1583 15 1624 ι
61 1576 148 1620 onem
171 1552 427 1619 Ammonianam
454 1553 591 1636 scripsit,
621 1551 684 1616 hae
707 1553 739 1615 in
764 1552 971 1620 distinctione
995 1551 1117 1618 luerit?

13 1624 15 1782 l
61 1659 148 1727 (lente
170 1683 253 1749 quae
277 1661 492 1744 Etymologus
516 1659 632 1741 habet,
667 1660 826 1741 genuinae
856 1658 1022 1727 doetrinae
1052 1661 1120 1726 He-

13 1791 14 1838 ι
60 1771 226 1834 rennianae
260 1775 343 1834 sunt.
390 1769 479 1833 llam
510 1767 571 1832 illis
603 1765 708 1830 verbis
736 1762 915 1856 Εὐριπίδης
946 1767 1120 1854 ἁμαρτάνει

12 1863 14 2022 η
61 1878 168 1944 similia
208 1877 309 1941 habes
341 1873 452 1956 Amin.
485 1879 525 1938 23
565 1872 650 1960 άρτιε
682 1871 856 1960 ἁμαρτάνει
884 1871 1021 1962 Σαπφά,
1056 1880 1118 1941 136

12 2037 14 2086 η
60 1984 200 2053 τοῦνεκα
230 1981 407 2070 ἁμαρτάνει
440 1985 647 2066 Καλλίμαχος
671 1987 731 2046 ete.
764 1980 806 2069 (v.
831 2003 901 2066 cap.
926 1981 968 2069 I).
1003 2022 1045 2033 —
1080 1985 1120 2057 Ε,

12 2093 14 2122 l

11 2123 14 2252 η
61 2091 96 2162 G.
123 2098 195 2175 151,
215 2098 256 2157 28
280 2096 393 2160 Δοῦλοι
415 2092 467 2157 καλ
492 2091 615 2157 οἰκέται
638 2091 694 2156 καὶ
709 2084 908 2177 θεράποντες
931 2096 1120 2179 διαφέρουσι

11 2255 12 2294 η
60 2198 140 2286 παρὰ
156 2210 223 2278 τοῖς
244 2196 398 2283 άρχαίοις.
425 2199 533 2264 δοῦλοι
556 2193 616 2281 μὲν
639 2196 698 2284 γὰρ
721 2199 777 2265 καὶ
799 2202 860 2264 τῶν
882 2197 1009 2285 ἡδονάν
1031 2203 1118 2284 λέγε-

11 2313 13 2376 l
59 2333 103 2373 τοι
129 2309 184 2375 καὶ
214 2306 335 2384 πάντες
363 2309 396 2373 οἱ
418 2301 616 2392 ζτεταγμὲνοι
646 2302 713 2372 dmi
743 2309 914 2391 βασιλέως,
940 2308 1059 2401 οἰκέται
1083 2305 1121 2373 δὲ

61 2418 228 2490 δεσποτῶν,
263 2411 457 2496 θεράποντες
486 2410 520 2478 δὲ
544 2414 577 2478 οἱ
598 2410 843 2496 ὑποτεταγμένοι
873 2415 980 2497 φίλοι,
1018 2405 1119 2498 ὑφ’ὧν

10 2577 11 2590 ι
59 2519 286 2606 θεραπεύονται
311 2525 344 2588 οῖ
365 2517 590 2610 προσήκοντες.
639 2521 747 2589 Amm.
763 2521 806 2584 45
832 2524 954 2603 δοῦλοι,
979 2523 1117 2604 οἰκέται,

10 2591 12 2674 l
61 2633 95 2692 69
120 2627 282 2716 θεράπων,
307 2627 428 2718 οἰκέτης
450 2625 565 2692 iisdem
587 2627 703 2708 verbis,
729 2625 786 2690 sed
808 2627 1011 2694 desideretur
1031 2624 1118 2716 παρά

10 2789 11 2824 η
59 2746 117 2814 τοῖς
156 2733 309 2823 ἄρχαίοις.
368 2736 469 2800 Eran.
505 2735 564 2802 Ph.
603 2739 664 2800 165
694 2735 811 2802 similia
842 2735 959 2819 habet,
992 2734 1050 2801 sed
1082 2742 1119 2802 ut

10 2907 11 2924 ¹
60 2845 266 2928 Etymologus
290 2866 354 2911 uno
378 2849 487 2908 tractu
508 2842 548 2908 de
565 2847 687 2927 δοῦλος,
714 2845 843 2932 οἰκέτης,
867 2839 1024 2930 θεράπων
1040 2843 1116 2926 agit,

60 2958 87 3014 et
116 2953 149 3016 in
177 2953 247 3035 ipse
277 2951 368 3016 deest
397 2951 477 3015 illud
509 2945 595 3037 παρά
626 2959 691 3028 τοῖς
715 2949 870 3038 άρχαίοις.
917 2948 983 3015 Sed
1007 2955 1040 3018 οἱ
1061 2950 1117 3038 άρ-

59 3069 136 3139 χοῖοι
168 3058 346 3126 Ammonio
379 3058 469 3123 haud
500 3057 603 3140 ignoti
633 3063 721 3121 sunt:
753 3079 785 3140 p.
820 3062 861 3122 62
894 3079 963 3130 voe.
1006 3054 1118 3144 εάθάς,

60 3187 86 3249 p.
112 3171 174 3232 138
199 3188 266 3236 voc.
290 3164 441 3253 τύραννον
466 3187 520 3231 eos
543 3166 694 3247 invenies,
720 3185 795 3248 ergo
821 3165 1017 3249 epitomator
1039 3164 1119 3231 Am-

59 3275 223 3340 monianus
251 3295 317 3341 non
346 3273 449 3340 solum
481 3297 582 3339 unum
612 3273 785 3338 articulum
812 3265 855 3336 in¹
878 3273 961 3341 duos
986 3273 1119 3358 divellit,

61 3377 233 3446 sedetiam
258 3379 422 3463 quaedam
447 3380 562 3444 omisit.
589 3418 630 3426 -
654 3379 694 3443 Ε.
713 3377 756 3451 Θ.
775 3385 848 3462 382,
862 3384 905 3445 42
931 3385 1044 3465 Μέγας
1066 3383 1120 3449 καὶ

60 3485 153 3564 πολὺς
190 3492 347 3573 διαφέρει·
388 3487 486 3571 μέγας
519 3486 579 3573 μὲν
621 3484 672 3555 ε’πὶ
711 3485 921 3576 πηλικότητος
957 3484 1118 3572 τάσσεται,

59 3599 156 3673 πολύς
180 3593 217 3662 δὲ
241 3593 293 3664 ἐπὶ
316 3589 502 3684 ποσότητος·
527 3595 642 3680 ὁμοίοις
662 3597 718 3662 καὶ
734 3591 772 3656 τὸ
790 3590 905 3680 μικρὸν
925 3599 981 3664 τοῦ
997 3591 1118 3680 ὀλίγον,

58 3701 167 3786 τὸμὲν
190 3699 307 3788 μικρὸν
331 3696 383 3770 ἐπὶ
407 3697 627 3791 πηλικότητος,
651 3697 690 3770 τὸ
715 3700 751 3768 δὲ
775 3696 881 3780 ὀλίγον
904 3698 959 3770 ε’πὶ
982 3697 1120 3793 ποσδτη.

58 3829 115 3887 τος·
139 3806 221 3878 ὅθεν
245 3811 376 3893 ὁλέγων
392 3803 505 3896 μικρὸν
521 3807 605 3896 ὕδωρ
628 3804 696 3876 άντὶ
717 3817 774 3877 τοῦ
795 3808 904 3894 ὀλίγον·
920 3807 1118 3896 άκνρολογεῖ.

58 3913 179 4002 Ὀλίγον
203 3941 222 3983 a
244 3913 358 4005 μικράν
382 3918 590 4002 distinguitur
613 3916 723 3987 Amm.
751 3921 828 3999 103,
861 3915 919 3981 sed
943 3915 983 3981 de
1011 3915 1119 4002 μέγας,

59 4021 154 4102 πολάς
176 4025 209 4090 in
232 4032 304 4094 toto
328 4026 410 4090 libro
435 4027 514 4090 nihil
536 4027 707 4094 invenitur.
747 4025 871 4093 Verum
894 4023 981 4090 idem
1005 4031 1120 4091 auctor

60 4134 159 4216 operis
185 4133 393 4216 synonymi,
420 4135 475 4216 qui
499 4133 539 4198 de
563 4129 669 4214 ὀλίγον
700 4139 733 4197 et
765 4131 878 4220 μικράν
907 4133 980 4215 egit,
1013 4153 1120 4199 nonne
