2856 4850
707 450 927 508 ..26-

24 613 110 685 Vut.
132 619 236 684 rste
287 624 511 709 manuscripto
535 645 594 692 suo
617 624 747 706 legebat
769 624 904 690 Fulvius
928 625 1080 708 UrsinuS,
1104 627 1176 712 ipso
1200 633 1284 692 teste
1310 628 1355 693 ad

287 730 423 813 Lyricos
449 730 595 796 Graecos
624 754 656 818 p.
687 737 750 796 299
783 739 816 796 et
841 737 914 797 326.
966 733 1017 796 De
1050 732 1231 800 differentia
1255 737 1350 816 signi·
1423 805 1424 836 1

287 837 487 921 ficationum,
513 839 625 907 ordine
649 839 867 924 alphabetico.
904 880 943 888 -
977 839 1084 906 Oatal.
1110 840 1213 906 Oodd.
1239 843 1277 906 M
1291 842 1352 912 SS.
1423 849 1424 938 l

287 945 373 1016 Bibl.
397 947 493 1016 Bodl.
517 945 641 1014 00er
664 945 777 1016 Iudex.
816 945 921 1028 Philo,
946 947 1131 1012 Herennius
1155 952 1229 1036 περὶ
1253 971 1357 1040 σημα-

18 1028 189 1106 acum
215 1053 256 1108 ιν
288 1059 364 1120 aaa
386 1053 490 1120 n’or.
515 1055 562 1136 x,
583 1060 610 1136 1,
629 1059 658 1135 4,
677 1059 729 1118 29.
764 1093 805 1100 -
836 1054 968 1123 nauco,
992 1055 1076 1119 mu
1104 1052 1163 1124 cr.
1188 1056 1237 1120 eo.
1255 1057 1355 1128 nau,

287 1162 421 1243 V,7ie:
450 1163 626 1243 „Herennii
647 1161 792 1228 Philonis
814 1165 885 1247 περὶ
908 1159 1074 1246 διαφόρων
1099 1170 1356 1249 σημαινομένων,

287 1270 351 1333 sive
375 1268 416 1333 de
440 1269 625 1335 differentiis
649 1269 884 1337 vocabulorum
903 1291 961 1356 per
985 1269 1210 1354 Alphahetum
1231 1272 1263 1334 in
1281 1273 1353 1336 cod.
1423 1303 1424 1370 p

13 1350 123 1432 &m-
143 1365 235 1428 llll)
288 1380 346 1439 901
390 1377 473 1458 regis
506 1377 762 1442 christianissimi
796 1383 906 1442 extare
938 1377 1049 1440 scribit
1082 1375 1236 1442 Labbeus
1265 1379 1354 1443 Bibl.

288 1478 383 1547 Nova
407 1482 662 1569 MSS.p,1oa
688 1522 729 1529 —
756 1522 796 1530 -
821 1483 942 1552 Montf.
958 1483 1043 1547 Bibl.
1069 1483 1152 1546 Bibl.
1180 1506 1211 1568 p.
1236 1490 1302 1550 495
1324 1486 1355 1554 d,
1423 1515 1424 1570 ν

288 1587 442 1656 Ambros
485 1588 561 1671 Oyri
578 1588 736 1656 Simeonis
761 1589 801 1654 de
825 1589 1012 1654 differentiis
1036 1591 1203 1657 nominum
1227 1601 1260 1657 et
1284 1615 1356 1656 ver·

287 1695 403 1764 borum
436 1719 508 1762 cum
536 1698 664 1762 scholiis
696 1697 791 1762 valde
813 1697 919 1764 bouis.
950 1698 1093 1762 eiusdem
1123 1700 1355 1785 interpretatio
1423 1689 1424 1770 i

288 1824 456 1870 sacrorum
488 1812 520 1870 et
548 1805 785 1887 mysteriorum.
819 1843 860 1851 -
894 1809 996 1874 uoce.
1022 1804 1180 1872 Simeonis
1205 1806 1284 1889 Tyri
1312 1807 1355 1871 de

288 1909 475 1976 differentiis
496 1913 679 1980 verborum.
699 1951 740 1959 —
759 1951 799 1958 —
817 1910 916 1975 Adde
934 1934 954 1977 a
970 1912 1124 1978 Fabricio
1142 1914 1201 1976 suh
1225 1915 1356 1980 nomine
1423 1899 1424 1984 l

287 2017 469 2085 Ptolemaei
492 2017 707 2086 Ascalonitae
732 2019 836 2085 editas
861 2019 1007 2090 schedas,
1035 2058 1072 2065 —
1101 2058 1141 2065 —

354 2126 449 2190 Haec
472 2125 556 2208 fere,
588 2127 757 2210 catalogos
781 2127 1053 2196 nobilissimarum
1077 2127 1355 2194 bibliothecarum
1423 2143 1424 2212 l

287 2233 445 2316 evolvens,
463 2235 576 2318 inveni,
589 2237 893 2302 nonnullaforsitan
911 2235 1016 2300 desint
1035 2243 1067 2300 et
1083 2236 1179 2320 plura
1194 2257 1356 2318 quaerens
1423 2247 1424 2330 ζ

287 2341 382 2422 plura
404 2343 556 2424 inveniat,
579 2343 635 2406 sed
658 2344 735 2406 mihi
758 2343 839 2408 haec
860 2345 947 2408 satis
996 2342 1164 2428 Suspieari
1185 2343 1268 2422 licet,
1297 2365 1355 2407 eas

288 2469 397 2514 omnes
422 2449 628 2517 collectiones
653 2453 877 2533 synonymicas
900 2452 984 2514 inter
1009 2472 1042 2512 so
1066 2449 1246 2514 simillimas
1271 2473 1353 2532 esse,

287 2563 333 2636 ut,
357 2557 456 2624 modo
481 2558 660 2640 uberiores,
694 2559 791 2626 modo
815 2561 989 2641 parciores,
1019 2559 1052 2620 in
1076 2558 1263 2623 universum
1288 2581 1357 2624 non

288 2665 391 2745 magis
416 2663 574 2747 differant,
609 2689 707 2752 quam
732 2688 798 2748 eae,
825 2688 910 2752 quae
935 2667 1083 2732 omnium
1110 2665 1211 2731 oculis
1234 2687 1358 2750 propo-
1423 2683 1424 2704 ³

288 2771 416 2856 positae
440 2778 524 2853 sunt,
549 2771 727 2854 Ammonii,
757 2773 947 2854 Ptolemaei,
972 2774 1101 2851 Eranii3
1135 2793 1213 2854 ergo
1239 2795 1353 2838 omnes
1423 2763 1424 2808 l

288 2900 386 2944 unum
411 2879 614 2968 eundemque
638 2881 761 2948 fontem
785 2882 884 2967 sequi.
941 2879 1007 2945 Sed
1030 2903 1102 2944 cunr
1129 2901 1209 2944 unus
1234 2886 1356 2944 auctor
1423 2891 1424 2956 ζ

287 2985 314 3048 is
338 2985 505 3050 habendus
530 2989 580 3070 sit,
606 3010 626 3052 a
655 3010 719 3071 quo
744 3009 854 3052 omnes
876 2988 950 3051 illae
968 2988 1172 3051 collectiones
1189 2985 1358 3068 profectae

288 3092 361 3173 sint,
387 3093 465 3174 quid
489 3102 615 3160 statuas
639 3097 679 3160 de
703 3098 861 3160 varietate
885 3095 941 3158 illa
963 3091 1157 3158 nominum?
1205 3091 1358 3157 Statuen-

288 3200 365 3266 dum
382 3207 440 3282 est,
465 3201 655 3288 abantiquo
681 3202 824 3286 quodam
847 3209 979 3266 auctore
1004 3203 1083 3266 satis
1108 3200 1251 3284 amplum
1274 3221 1357 3282 opus
1423 3243 1424 3256 ν

289 3310 528 3392 synonymicum
545 3309 726 3374 confectum
743 3331 822 3392 esse,
848 3309 935 3394 quod
951 3317 987 3374 ut
1004 3315 1074 3373 crat
1097 3308 1311 3389 utilissimum,
1338 3331 1359 3372 a
1423 3305 1424 3376 l

288 3415 396 3480 multis
420 3416 607 3498 magistellis
631 3418 818 3500 posterioris
851 3418 967 3481 aetatis
997 3416 1173 3499 expilatam
1197 3415 1358 3496 paulatim

289 3522 540 3605 obliterabatur,
575 3545 647 3588 cnm
676 3525 836 3606 epitomae
866 3525 1014 3588 certatim
1046 3523 1195 3587 conditae
1226 3523 1259 3585 in
1288 3524 1358 3588 eius

288 3632 394 3696 locum
424 3631 644 3703 succederent.
690 3633 806 3715 Neque
838 3639 948 3696 tamen
982 3653 1091 3695 omnes
1125 3633 1357 3713 epitomatores
1423 3609 1424 3654 l

290 3739 373 3804 adeo
397 3741 517 3805 fuerint
532 3739 746 3823 impudentes,
771 3761 900 3805 necesse
918 3745 976 3821 est,
1002 3746 1038 3802 ut
1054 3739 1192 3802 alienum
1210 3737 1356 3801 laborem
1423 3779 1424 3794 2

290 3846 351 3910 sibi
382 3849 563 3931 arriperent
586 3849 780 3930 genuinique
803 3849 945 3911 auctoris
970 3846 1092 3930 gloriae
1116 3846 1356 3926 insidiarentur,
1423 3927 1424 3940 χ

289 3975 329 4020 ac
352 3957 379 4019 si
403 3978 521 4021 nomen
544 3979 643 4020 unum
667 3958 795 4038 saepius
819 3977 987 4020 recurrens
1011 3955 1112 4019 aetati
1136 3954 1209 4018 libri
1225 3975 1357 4035 respon·

290 4061 356 4148 det,
382 4064 450 4132 iure
474 4063 533 4133 tibi
558 4062 688 4130 credere
712 4064 801 4144 lieet,
835 4084 872 4126 oo
906 4064 1033 4127 nomine
1057 4084 1166 4127 vorum
1191 4069 1357 4128 auctorem
1423 4057 1424 4132 l
