2856 4850
734 495 951 557 -4'4-

315 667 409 752 Quae
432 671 544 735 scitule
567 671 657 748 novit
680 671 831 754 Eranius,
857 670 1033 739 Ammonio
1058 672 1203 754 fuerunt,
1228 678 1265 737 ut
1286 679 1380 755 puto,

313 777 489 850 inaudita.“
558 777 654 843 Certe
692 779 719 842 si
760 779 876 843 stultus
919 779 1122 860 magistellos
1162 779 1379 864 ,,Ἰδοο4ιαῖο4“

194 891 197 898 ’
313 907 422 950 vocem
446 908 518 952 cum
542 905 618 950 voce
639 886 724 952 Ἰσαῦ
748 885 895 967 collocat,
920 888 1020 949 risum
1038 893 1159 973 movet3
1184 885 1241 949 sed
1258 887 1382 968 vitupe-

312 992 435 1058 randus
459 1000 508 1056 est
531 992 670 1078 scriptor
694 991 787 1058 huius
812 993 982 1075 epitomae,
1008 1014 1073 1056 non
1097 993 1254 1074 doctrina,
1280 1015 1381 1076 quam

312 1102 505 1166 taeterrimis
534 1100 696 1164 erroribus
728 1101 987 1182 turpissimisque
1018 1099 1143 1164 mendis
1184 1100 1379 1164 obliteravit.

312 1208 411 1279 Nam.
435 1232 463 1274 v.
488 1208 543 1272 Et.
570 1204 657 1272 Gud.
684 1211 814 1289 281441.
862 1207 914 1272 Ibi
942 1207 1081 1289 primum
1116 1229 1153 1271 ea
1187 1228 1270 1292 quae
1294 1205 1381 1271 Am-

253 1363 255 1368 ·
312 1317 436 1380 monins
461 1315 573 1395 habet,
603 1314 819 1395 inveniuntur,
850 1322 918 1378 tum
946 1314 1094 1396 pergitur
1123 1313 1309 1402 ἐκλήθησαν
1336 1313 1381 1393 (ot

307 1419 459 1491 Ἰουδαῖοι
476 1420 555 1507 soil.)
576 1421 609 1508 ἐξ
628 1420 741 1504 Ἰούδα,
765 1415 911 1508 τετάρτου
934 1422 1051 1498 παιδὸς
1071 1416 1206 1511 Ἰσραήλ·
1232 1417 1321 1488 οὗτοι
1346 1419 1381 1486 δὲ

313 1530 346 1596 ἐκ
370 1535 479 1614 γένους
502 1530 581 1595 εἰσὶν
606 1527 756 1613 Ἀβρααμ,
778 1527 950 1612 Ἰδουμαῖοι
974 1527 1019 1610 δὲ,
1045 1525 1081 1595 ἐκ
1097 1533 1152 1596 τοῦ
1169 1528 1268 1595 Ἠσαῦ
1285 1520 1379 1594 ddal-

313 1644 377 1722 φοῦ
403 1633 521 1723 1444141,
545 1631 663 1710 παιδὸς
684 1631 893 1718 'laudasset
913 1634 1070 1721 Ἀβραὰμ,
1095 1633 1252 1718 ἀπόγονοι
1275 1659 1378 1720 πεφν-

311 1743 400 1820 κότες
423 1743 456 1831 ἐξ
479 1740 588 1827 Ἐδώμ.
643 1741 718 1812 Hoc
741 1741 840 1822 igitur
863 1741 1039 1806 tenendum
1063 1749 1126 1823 est,
1160 1741 1278 1807 multas
1312 1742 1377 1804 ine-

311 1851 406 1936 ptiae,
425 1837 504 1932 quas
522 1847 662 1913 schedae
678 1853 809 1915 nostrae
821 1847 981 1930 exhibent,
999 1848 1083 1915 libro
1097 1849 1144 1911 illi
1156 1850 1377 1931 synonymiae,

195 1990 198 2001 =
312 1958 362 2021 cui
386 1958 583 2042 epitomatcr
607 1977 668 2020 sua
692 1953 796 2036 debet,
830 1955 917 2019 haud
941 1957 1018 2020 vitio
1044 1955 1169 2020 dandas
1195 1977 1273 2038 esse,
1300 1979 1378 2022 eon·

312 2064 449 2149 demque
471 2070 592 2144 tamen,
619 2063 765 2144 quamvis
792 2063 943 2130 miseram
967 2066 1107 2149 speciem
1130 2063 1288 2150 praebeat
1313 2064 1377 2146 epi·
1413 2047 1414 2108 l

311 2179 407 2255 tome,
432 2171 570 2238 fortasse
594 2170 713 2234 librum
737 2170 877 2253 optimae
901 2181 998 2238 notae
1031 2171 1138 2236 foisse.
1186 2172 1232 2235 Et
1264 2171 1373 2234 hercle

311 2301 544 2366 nonnunquam
573 2279 785 2345 mutationem
813 2281 863 2345 vel
887 2281 1150 2367 depravationem
1174 2281 1216 2346 ab
1241 2278 1378 2344 Ammo·

311 2389 364 2454 nio
397 2393 483 2452 stare
515 2393 547 2452 et
577 2388 609 2450 in
641 2388 782 2472 epitome
807 2389 920 2452 Eranii
953 2389 1170 2475 antiquiorem
1195 2388 1377 2454 doctrinam

312 2502 474 2562 servatam
505 2517 574 2560 esse
605 2502 750 2578 apparet.
811 2496 911 2562 Eran.
941 2501 1001 2560 157
1037 2498 1165 2582 Ἀρνειοὶ
1193 2499 1247 2562 καὶ
1271 2495 1379 2584 ”Apum

312 2608 529 2690 διαφέρουσιν.
575 2605 702 2690 Ἀρνετοὶ
724 2605 783 2690 μὲν
808 2606 866 2692 γὰρ
896 2611 931 2678 οἱ,
954 2611 1081 2674 τέλειοι·
1126 2603 1231 2691 ’Ἀρνες
1267 2605 1314 2688 δὲ,
1352 2609 1380 2670 οἱ
1413 2645 1414 2750 4

310 2717 390 2778 νέοι.
430 2709 540 2776 Amm.
568 2716 611 2776 24
635 2712 704 2776 aliis
728 2713 832 2778 verbis
858 2715 1095 2783 distinctionem
1120 2712 1268 2795 explicat.
1246 2707 1414 2778 tSed

310 2820 424 2885 Eranii
451 2827 560 2906 partes
590 2827 661 2887 ttue
663 2843 701 2887 ur
647 2822 818 2888 tArist
804 2824 894 2953 toph.
920 2825 997 2908 Byz.
1024 2825 1064 2896 V
1089 2823 1200 2889 Miller
1224 2822 1302 2887 Mel.
1341 2822 1414 2930 dep

240 2945 243 2948 ·
308 2927 355 2998 lit
334 2934 427 3010 tgr
452 2951 484 3015 p
500 2932 586 2992 4;30
617 2923 781 3017 πρόβαταε
805 2927 921 3000 τούτων
944 2933 981 3000 τά
1006 2931 1159 3016 τέλεταᾙ
1148 2931 1196 3007 όις
1218 2934 1272 2998 καὶ
1294 2932 1379 3016 κριοὶ

308 3037 362 3101 καὶ
378 3035 512 3122 οέρνειοί
528 3036 565 3104 τὰ
584 3038 620 3106 δὲ
635 3045 703 3119 νέα,
721 3037 814 3126 ἄρνες
830 3044 886 3108 καὶ
902 3042 1008 3125 οἷμνοί.
1049 3041 1152 3110 Eran
1166 3044 1228 3104 152
1247 3038 1330 3122 Ἰσ114
1333 3036 1380 3112 τὸς
1413 3055 1414 3134 4

308 3146 364 3209 καὶ
385 3144 542 3232 Πορῧμὸς
564 3153 667 3234 διαῳό
656 3166 765 3235 .·ρουσ4
788 3147 918 3234 'lodpdc
903 3149 1071 3236 γάρὴ4
1060 3145 1378 3231 piscatorio-eatae

310 3254 372 3317 σῶν
393 3255 441 3339 γῆ
466 3254 624 3341 Ποράμος
640 3255 726 3340 δε
710 3284 759 3344 444
746 3263 846 3343 μέσον
870 3258 929 3328 δύο
954 3265 1051 3342 porois
1075 3255 1233 3324 ίδοίλασσα.
1272 3255 1315 3318 A.
1340 3260 1377 3318 76

301 3340 435 3445 lodpdr
470 3364 523 3428 καὶ
553 3361 711 3449 Ποράμὸς
747 3367 941 3453 διαφέρει.
965 3363 1096 3450 Ἰσθμός
1125 3389 1185 3446 μεν
1219 3364 1280 3450 γοῖρ
1314 3363 1375 3429 ἐστι

309 3475 365 3558 γῆς
397 3478 505 3558 στενης
539 3453 649 3547 δίοδος
681 3473 878 3558 ἑκατέρωθεν
912 3472 1082 3600 θαλι4σσης
1115 3475 1375 3559 περτερχομένης·

310 3574 468 3661 Πορθμός
492 3576 569 3644 δέ’
552 3595 617 3644 εσα
641 3577 747 3654 στενὸς
762 3578 931 3668 θαλάσσης
955 3580 1065 3668 πόρος,
1091 3579 1328 3666 ἑκατέρωθεν(
1314 3579 1377 3647 ont
1413 3633 1414 3672 4

310 3687 366 3773 γῆς
389 3685 625 3772 περιεχόμενος.
669 3685 711 3751 In
733 3686 844 3752 Photii
868 3687 989 3756 Lexico
1014 3688 1077 3776 (ed.
1095 3687 1221 3773 Nabar)
1245 3688 1291 3770 II,
1315 3693 1376 3752 100

308 3791 491 3877 Ammoni,
524 3795 551 3876 Ι,
571 3800 635 3858 298
661 3795 771 3859 Eranii
793 3795 894 3863 verba
917 3798 1131 3879 inveniuntur,
1163 3802 1200 3860 ot
1224 3793 1300 3862 ante
1324 3819 1374 3862 ac·
1413 3799 1414 3882 4

312 3906 412 3968 tatem
435 3900 545 3966 Photii
577 3908 748 3988 utramque
782 3903 1027 3988 explicationem
1062 3927 1121 3992 per
1143 3906 1241 3970 libros
1265 3905 1375 3986 vulga·
1413 3887 1414 3930 l

311 4016 377 4076 tam
400 4009 500 4078 fuisse
524 4016 695 4096 appareat
741 4011 984 4098 Nonnunquam
1008 4016 1105 4085 Eran
1137 4036 1207 4082 cum
1230 4014 1374 4083 Pseudo-

310 4117 497 4186 Ptolemaeo
530 4125 644 4184 contra
681 4117 890 4188 Ammonium
928 4120 1082 4203 facitu
1134 4123 1230 4189 etiam
1262 4122 1352 4190 his
1343 4143 1374 4186 m
1413 4127 1414 4234 4

311 4232 362 4292 art
349 4225 454 4294 ticulis
488 4225 611 4292 collect
589 4233 709 4296 tionem
732 4227 982 4298 Ammonianam
1015 4252 1035 4296 a
1063 4231 1202 4316 genuina
1238 4229 1311 4295 1441Ι
1289 4235 1373 4294 tione
1413 4195 1414 4320 4
