2856 4850
623 425 943 499 '-3a-

297 614 425 681 difficile
447 635 553 698 neque
576 614 655 679 utile
679 621 736 679 est.
785 613 918 680 Habeat
941 615 1039 696 igitur
1064 613 1180 680 Suidas
1209 635 1268 678 sua
1294 615 1371 696 sibi,

296 745 375 812 nam
399 724 518 790 nostris
543 722 670 788 schedis
695 729 781 786 certe
806 744 881 788 cum
905 723 1095 788 Ptolemaeo
1119 722 1198 786 nihil
1222 725 1351 787 estrei.

364 829 462 896 Nunc
495 829 573 916 quid
607 829 647 894 de
680 828 889 894 similitudine
916 830 1100 897 Ptolemaei
1131 836 1163 894 et
1196 829 1373 894 Ammonii

297 937 507 1002 statuendum
532 938 582 1019 sit,
609 959 779 1020 exponam.
825 936 941 1024 Longe
964 937 1124 1020 plurimae
1154 959 1234 1020 quas
1268 935 1375 1001 habet

296 1044 426 1110 Pseudo
437 1045 670 1111 -Ptolemaeus
688 1045 910 1114 distinctiones
928 1045 970 1110 ab
987 1047 1128 1128 epitome
1145 1039 1376 1111 Ammoniana

299 1152 390 1220 haud
414 1155 517 1236 magis
535 1152 697 1235 differunt,
716 1175 814 1236 quam
838 1153 906 1218 fere
929 1155 1010 1218 varii
1027 1153 1153 1218 codices
1177 1153 1271 1218 unius
1289 1153 1376 1215 eins-

300 1260 438 1344 demque
455 1261 561 1344 operis
578 1262 612 1325 in
630 1261 793 1326 diversum
811 1261 901 1326 abire
927 1261 1042 1331 solent.
1090 1260 1155 1327 Sed
1171 1262 1249 1326 satis
1267 1260 1378 1324 multa

299 1369 434 1452 vestigia
459 1373 570 1433 extant
595 1368 678 1434 alius
707 1369 781 1434 libri
815 1371 974 1451 epitomae
999 1367 1243 1437 Ammonianae
1273 1368 1376 1432 simil-

296 1477 384 1558 limi,
409 1476 570 1544 nonnullis
596 1483 705 1542 antem
727 1477 806 1541 loeis
831 1479 952 1542 maiore
985 1478 1079 1560 copia
1111 1476 1262 1559 praediti,
1293 1498 1377 1540 non-

300 1606 466 1668 nunquam
505 1585 603 1650 etiam
644 1587 747 1649 minus
789 1585 942 1668 corrupti.
1016 1583 1185 1668 Quaedam
1228 1584 1378 1650 Pseudo-

297 1691 481 1758 Ptolema'ei
506 1691 729 1758 distinctiones
753 1693 786 1756 in
820 1693 959 1775 epitome
984 1691 1204 1760 Ammoniana
1238 1694 1376 1760 omnino

303 1799 540 1866 desiderantur.
589 1800 607 1886 ξ
635 1806 674 1866 12
708 1803 796 1888 ἀμφί
823 1807 855 1865 et
879 1801 999 1887 α’μφίςς
1028 1804 1046 1885 §¹
1074 1806 1113 1864 18
1146 1795 1377 1886 ἀπαράσκευον

301 1913 334 1971 et
357 1905 655 1995 άπαρασκεάασσον,·
680 1909 698 1992 ἓ
723 1914 764 1972 93
791 1906 964 1992 ἡσυχάζειν
989 1913 1089 1993 σιγᾶν.
1137 1909 1208 1972 Has
1239 1907 1375 1972 easdem

301 2014 523 2079 distinctiones
547 2015 688 2080 invenies
713 2015 813 2080 Eran.
839 2016 901 2086 Ph.
938 2021 1021 2095 1613
1050 2021 1131 2095 157;
1168 2021 1241 2085 168.
1288 2017 1375 2080 Ideo

301 2143 406 2205 neque
429 2121 535 2205 ipsum
559 2122 810 2205 epitomatorem
835 2123 894 2187 sub
911 2123 1092 2188 Ptolemaei
1117 2123 1245 2186 nomine
1269 2123 1375 2188 laten-

300 2235 368 2295 tem
393 2251 447 2294 eas
472 2228 694 2296 distinctiones
718 2231 875 2296 invenisse
898 2251 1002 2316 neque
1026 2252 1080 2294 eas
1105 2230 1234 2294 aliunde
1250 2231 1375 2312 petitas
1416 2231 1417 2238 '

301 2359 371 2402 esse
387 2336 519 2402 credere
534 2337 584 2402 fas
601 2346 659 2403 est.
692 2337 796 2402 Porro
811 2337 990 2405 Ammonio
1008 2337 1107 2419 deest,
1127 2335 1203 2424 quid
1220 2337 1376 2402 differant
1416 2329 1417 2383 l

298 2445 383 2510 inter·
411 2467 446 2511 se
478 2445 637 2514 ου’δέποτε
671 2453 703 2510 et
734 2444 942 2515 οὐδεπώποτε
972 2445 1057 2509 Ptol.
1093 2451 1144 2509 35.
1202 2446 1254 2510 Ne
1288 2445 1376 2510 hano

302 2553 432 2638 quidem
457 2553 670 2618 differentiam
694 2554 735 2618 ab
760 2555 973 2637 epitomatore
1004 2552 1187 2634 profectam
1213 2575 1292 2634 esse,
1316 2554 1376 2617 sod

300 2662 334 2728 in
356 2660 440 2726 libro
457 2659 680 2726 Ammoniano
697 2661 747 2726 vel
772 2683 865 2742 casu,
884 2660 934 2724 vel
958 2659 1091 2724 arbitrio
1117 2661 1195 2740 eiua,
1220 2661 1275 2745 qui
1299 2659 1377 2724 doc-

299 2771 417 2835 trinam
439 2768 681 2835 Herennianam
714 2767 756 2831 ad
787 2767 871 2831 hane
895 2767 968 2832 libri
992 2764 1204 2831 Ammoniani
1228 2767 1371 2832 formam
1415 2745 1416 2815 i

299 2875 421 2960 adegit,
461 2873 664 2940 intercidisse
700 2875 903 2940 demonstrat
940 2873 1054 2938 Thom.
1093 2874 1184 2958 Mag.
1223 2879 1298 2956 259,
1321 2880 1373 2939 16.

300 2982 516 3048 Differentiae
533 3004 649 3049 vocum
667 2987 774 3059 ἱππεῖς
798 2989 830 3046 et
855 2986 982 3064 ἱππέας,
1000 2981 1085 3046 Ptol.
1113 2981 1131 3068 ξ
1158 2986 1231 3064 143,
1249 2983 1376 3048 nullum

302 3090 335 3154 in
359 3090 475 3156 ceteris
500 3092 648 3173 epitomis
664 3091 769 3154 inveni
785 3090 964 3172 vestigium,
982 3089 1039 3152 sed
1064 3096 1151 3153 certe
1176 3090 1275 3154 etiam
1291 3089 1375 3154 haec
1414 3157 1415 3182 i

302 3198 411 3264 extitit
433 3198 467 3262 in
489 3197 590 3281 libro,
617 3220 655 3263 ex
680 3220 743 3282 quo
768 3204 898 3266 nostrae
929 3196 1068 3261 schedae
1092 3197 1254 3262 sublectae
1287 3205 1374 3278 sunt,
1414 3191 1415 3244 l

302 3327 362 3370 nee
384 3305 491 3370 minus
507 3305 582 3370 huic
605 3305 688 3370 libro
713 3305 885 3370 tribuenda
908 3313 992 3384 sunt,
1020 3326 1103 3388 quae
1128 3305 1205 3392 §45
1232 3311 1264 3370 et
1289 3307 1306 3388 ξ
1328 3311 1371 3368 80

300 3410 499 3480 Pseudo-Pt.
532 3412 628 3496 plura
658 3412 759 3478 habet
791 3412 982 3481 Ammonio.
1005 3414 1118 3482 Arnnr.
1142 3417 1184 3477 43
1216 3419 1372 3499 Διαθὲρα

301 3522 355 3588 καὶ
370 3524 517 3610 Moloni
544 3524 701 3607 διαφέρει.
737 3528 891 3608 Διφθέρα
914 3521 1064 3608 μὲνγὰρ,
1091 3524 1198 3603 αἰγῶν·
1232 3522 1373 3610 Mation]
1413 3601 1414 3610 ἵ

303 3625 340 3696 δὲ
370 3625 547 3715 προβάτων.
595 3627 681 3700 Ptol,
716 3629 734 3712 ξ
767 3633 819 3694 45.
877 3627 1015 3710 Eadem,
1045 3635 1114 3692 turn
1147 3627 1253 3712 νάκος,
1285 3630 1376 3711 αἰγὸς
1413 3613 1414 3677 l

303 3740 416 3822 δέρμα,
441 3741 527 3814 κῶας
551 3735 587 3803 δὲ
611 3733 792 3822 προβάτων.
831 3733 944 3806 Amm.
968 3741 1011 3801 48
1025 3734 1137 3813 Ἕλκος
1149 3736 1289 3824 Ὡσειλῆς
1306 3741 1375 3803 δια-

304 3847 406 3930 φέρει.
438 3841 550 3916 Ἕλκος
565 3842 624 3928 μὲν
640 3843 698 3928 γάρ
722 3845 788 3911 §aar
810 3841 941 3928 χρόνιον
964 3843 1077 3921 πάθο,1
1095 3842 1208 3929 μόνον,
1232 3844 1271 3912 ἐκ
1288 3849 1373 3930 σιδά-

303 3977 361 4038 ρου
390 3947 571 4036 γενόμενον·
598 3950 661 4017 ἔστι
684 3950 712 4017 δ’
735 3949 795 4018 d'rs
827 3955 879 4019 καὶ
907 3950 946 4039 ἐξ
971 3946 1157 4036 αἶπομάνοο.
1190 3954 1311 4041 εἴρηται
1338 3952 1373 4018 δὲ

236 4091 239 4104 ·
305 4057 392 4146 παρά
417 4058 451 4127 τὸ
477 4057 668 4126 dietario-‘tua
689 4052 745 4148 τήν
769 4058 879 4146 σάρκα.
907 4053 1025 4145 Ὠτειλή
1051 4060 1080 4126 δ’
1106 4059 1188 4126 ἔστιν
1210 4059 1230 4148 ἡ
1255 4058 1295 4128 ἐκ
1317 4063 1374 4126 aori
1412 4069 1413 4100 l
