2856 4850
455 468 674 528 ..39-

44 649 83 705 ter
105 647 262 706 exaratae
285 643 417 724 triginta
441 642 581 730 quinque
605 643 765 706 subiuncti
789 643 852 706 sint
881 643 1018 726 articuli,
1053 665 1103 708 ee·

43 759 121 813 torae
145 749 261 814 literae
285 771 394 814 omnes
418 751 450 813 iu
474 772 573 814 unum
597 749 736 831 collatae
752 750 959 831 septuaginta
974 735 1103 815 tanturn

43 865 67 916 et
90 854 173 920 duos
205 855 364 921 exhibent.
422 855 536 920 Erauii
568 877 684 920 nomen
716 853 831 920 fraude
862 858 1001 940 positum
1034 879 1103 924 esse
1177 925 1179 934 .

44 969 141 1026 censet
169 962 296 1044 Valck.,
329 963 404 1027 nam
439 984 517 1045 „pro
547 962 703 1050 Ἐρεννίου
734 963 880 1046 nomine,
912 965 1103 1032 mendosam

47 1071 194 1136 librorum
221 1071 391 1135 lectionem
423 1077 565 1152 secutus,
590 1072 698 1153 posuit
729 1069 903 1156 'Epardea‘⁴
949 1072 1103 1138 Menon

44 1180 109 1242 aas
137 1177 341 1260 intellegere,
367 1199 430 1260 quo
455 1177 517 1242 hoe
542 1184 677 1264 spectet,
703 1178 771 1241 siue
795 1177 862 1242 ulla
885 1179 1101 1246 haesitatione
1173 1215 1177 1222 ,

44 1286 203 1367 profiteor3
237 1307 341 1368 neque
381 1291 490 1348 tamen
524 1284 794 1369 Valckenaerium
833 1285 971 1351 liberum
1013 1287 1103 1352 abire

45 1394 149 1473 patiar,
175 1413 254 1457 nam
278 1413 349 1456 eum
372 1391 425 1454 hic
448 1398 569 1456 temere
592 1391 761 1474 iudicasse,
797 1413 835 1456 ex
865 1393 965 1476 ipsius
997 1393 1102 1460 verbis

46 1501 180 1580 quamvis
215 1499 357 1563 obscuris
387 1505 533 1582 apparet.
579 1499 710 1582 Duplex
739 1500 823 1564 enim
851 1501 938 1566 ratio
967 1502 1104 1584 eogitari

46 1614 224 1690 potestque
243 1605 545 1677 Valcheensuerit.
583 1606 654 1695 Aut
675 1607 864 1691 scriptorem
885 1608 979 1674 huius
1004 1610 1104 1693 epito-

14 1773 15 1776 ,
47 1737 105 1779 uae
121 1736 162 1778 ex
186 1715 377 1782 collectione
401 1714 611 1797 synonymica
628 1715 668 1779 ab
686 1715 861 1780 Ammonio
878 1721 1021 1780 ceterum
1037 1737 1104 1782 non

14 1829 15 1896 Ῑ
45 1822 168 1904 diversa,
196 1822 254 1886 sed
276 1823 391 1887 Eranii
415 1843 535 1887 nomeu
562 1822 854 1908 praeseferente,
880 1844 941 1889 sua
970 1823 1102 1906 petiisse

14 1939 16 1990 μ
46 1932 166 2013 eiusque
192 1913 388 1996 collectionis
412 1929 495 1994 salso
533 1930 673 2014 positum
705 1929 836 1995 titulum
869 1929 967 1995 stulte
999 1935 1104 1995 trans·

14 2085 15 2100 2
47 2039 216 2125 scripsisse3
246 2045 303 2102 aut
331 2037 583 2122 epitomatorem
606 2037 639 2100 in
669 2037 857 2102 collectione
890 2059 949 2102 sua
972 2035 1106 2105 Ammo-

14 2133 15 2172 3
49 2148 82 2208 uii
100 2167 218 2213 nomen
242 2147 409 2227 invenisse,
434 2144 495 2208 hoc
518 2144 675 2226 reiecisse,
697 2145 812 2210 Ilranii
834 2166 950 2212 nemen
975 2144 1104 2212 aliunde

49 2257 172 2335 petitum
191 2252 397 2319 fraudulente
421 2250 527 2318 labori
550 2273 607 2317 suo
625 2252 827 2338 praefixisse,
845 2252 961 2321 Valck.
987 2260 1106 2324 censet.

13 2447 14 2450 Ἴ
48 2361 181 2432 'tertium
206 2357 389 2444 excogitare
412 2381 548 2446 nequeo.
602 2360 749 2426 Alterum
772 2361 799 2424 si
822 2361 971 2442 ponitur,
1004 2361 1105 2443 epito-

13 2465 14 2482 ’
48 2481 192 2539 datorem
229 2493 345 2538 nomen
374 2471 490 2536 Eranii
519 2489 557 2532 ex
586 2470 792 2550 collectione,
828 2467 880 2534 cui
910 2490 970 2534 sua
995 2467 1103 2550 debet,

49 2582 307 2666 transscripsisse,
338 2579 420 2644 duas
451 2579 607 2645 habemus
640 2578 845 2646 collectiones
869 2578 1101 2662 synonymicas,

13 2699 14 2710 ¹
50 2687 286 2770 huirnouianae,
312 2694 468 2770 quantum
492 2689 633 2770 pertinet
653 2686 697 2753 ad
717 2685 885 2753 doctrinae
908 2686 1101 2769 ubertatem,

13 2779 14 2804 ³
50 2797 123 2862 laud
148 2797 318 2865 dissimiles
342 2796 500 2860 Herennii
522 2798 650 2864 nemine
673 2796 858 2877 insignitas,
891 2795 977 2860 hanc
1009 2817 1106 2878 quam

53 2906 179 2971 dranius
197 2907 351 2989 sequitur,
370 2911 402 2970 et
418 2925 497 2985 eam,
522 2905 610 2968 euius
627 2904 761 2984 vestigia
778 2909 885 2968 servat
900 2902 1105 2984 Eustathius,

51 3025 76 3076 ut
106 3016 156 3078 vix
189 3015 359 3100 quisquam
384 3011 620 3080 Valckenaerio
654 3017 823 3096 utramque
846 3009 1012 3075 Herennio
1046 3011 1105 3074 eri-

13 3113 14 3120 '
51 3123 135 3200 pleuti
161 3123 368 3190 assentiatur.
420 3117 475 3185 Sin
501 3118 637 3184 alterum
661 3119 802 3200 ponitur,
839 3137 959 3182 nomen
993 3116 1107 3181 Eranii
1176 3135 1178 3142 ’

13 3267 14 3318 3
52 3228 172 3296 demum
199 3231 240 3294 ab
265 3233 336 3312 ipso
362 3230 518 3313 scriptore
541 3227 660 3291 harum
685 3224 878 3289 schedarum
903 3223 1108 3290 fraudulente

51 3335 148 3404 fictura
175 3359 255 3419 esse,
281 3337 449 3404 nonsatis
474 3357 608 3418 possum
635 3334 756 3414 mirari,
782 3354 847 3415 quo
880 3353 957 3397 casu
989 3331 1106 3396 stultus

51 3455 148 3509 noster
174 3440 374 3527 magistellus
405 3446 436 3507 iu
469 3444 502 3507 id
534 3445 641 3526 ipsum
676 3462 796 3506 nomen
826 3440 983 3520 inciderit,
1019 3438 1107 3526 quod

53 3552 143 3618 solum
192 3553 336 3616 otrruiuur
379 3551 496 3616 harum
523 3551 751 3617 collectionum
784 3549 885 3614 aetati
918 3547 1104 3630 respondet,

52 3679 142 3742 aeque
159 3661 265 3742 video,
285 3659 449 3743 quomodo
466 3659 518 3722 hie
535 3658 737 3722 miserrimus
753 3656 939 3736 homunci0,
963 3655 1107 3737 quitum

52 3771 148 3834 tenuia
174 3793 213 3837 ex
235 3769 383 3852 plurimis
409 3767 468 3830 sihi
494 3767 670 3850 assumpsit
692 3763 846 3848 'adeoque
877 3765 1010 3848 pigritia
1040 3785 1108 3830 sca-

53 3877 120 3958 tuit,
154 3885 190 3942 ut
222 3885 296 3960 post
327 3883 495 3958 peractam
521 3874 649 3938 literam
675 3886 698 3941 Α
724 3875 829 3956 operis
855 3894 929 3938 eum
960 3871 1109 3937 taederet

53 4004 143 4066 usque
168 3985 232 4051 iam
258 3986 373 4049 eeteris
397 3983 496 4046 literis
520 3983 552 4044 in
581 4005 681 4046 unum
715 3981 858 4048 collectis
886 3981 994 4064 plures
1027 3983 1108 4046 inse-

55 4097 126 4156 reret
150 4092 317 4174 articulos,
343 4113 442 4180 quam
472 4089 633 4174 duplicem
663 4110 837 4155 numerum
870 4109 997 4173 eorum,
1024 4110 1106 4174 quos
