2850 4854
501 455 543 463 -
592 423 653 482 105
700 458 743 465 -

82 598 198 672 τρῶσις
221 591 340 680 σαρκὸς
364 592 427 662 ὑπὸ
452 593 582 677 σιδῆροο
605 602 756 686 γενομένη
782 595 832 682 ἐφ’
853 596 961 679 ὖγεὶοα
984 595 1155 681 (ὑγιεινοῦ)

81 695 243 786 σώματος,
276 700 380 789 πληγή
414 702 450 769 δὲ
481 703 516 770 ἕκ
542 699 647 789 χειρὸς
669 709 793 791 πλῆξτς.
818 702 872 788 (cf.
895 703 949 772 Pt,
973 702 1017 767 A.
1042 703 1061 789 ξ
1086 703 1155 789 80).

81 845 125 852 -
150 806 274 893 θράσος
298 807 423 890 θάρσος
446 809 501 895 (cf.
526 810 567 879 Ε,
590 815 629 880 G.
645 816 719 893 255,
738 816 778 874 27
801 816 835 875 et
857 834 885 876 v.
911 833 961 875 me
987 809 1155 894 disputan-

80 922 151 980 tem
182 915 222 980 de
243 917 316 1003 ithae
345 916 551 983 distinotinne
582 919 616 981 in
644 941 715 1004 cap,
749 918 848 1004 XII).
890 958 929 964 -
971 919 1012 982 In
1044 923 1155 1007 Λῆμα,

78 1027 163 1107 λῆμα
186 1023 246 1108 μὲν
270 1024 312 1090 δι’
337 1022 406 1102 ἑνὸς
428 1053 453 1109 μ
475 1024 508 1091 τὸ
529 1025 721 1113 παράστημα
744 1031 801 1104 τῆς
825 1029 945 1112 ψυχῆς,
977 1024 995 1099 ἢ
1025 1020 1155 1112 ἅνδρεία

88 1169 124 1174 -
152 1130 235 1197 conf.
261 1132 358 1195 etiam
382 1133 531 1201 Eranius,
577 1133 618 1196 in
650 1133 715 1197 fine
746 1140 857 1198 antem
888 1133 989 1198 habet
1016 1132 1052 1202 τό
1075 1139 1154 1220 λαμ-

81 1235 266 1322 βανόμενον
302 1245 433 1326 κέρδοςῑ
486 1241 605 1308 sufficit
650 1238 691 1309 τό
729 1237 990 1327 λαμβανόμενον,
1042 1246 1156 1327 κέρδος

82 1346 310 1412 verosimiliter
333 1369 372 1414 ex
396 1349 540 1429 margine
562 1350 705 1430 irrepsit.
751 1347 820 1434 (An
844 1348 1035 1431 Segaarium
1059 1349 1154 1432 fugit,

79 1452 241 1518 Eranimn
265 1476 296 1537 p.
324 1460 386 1517 170
410 1455 490 1518 illud
512 1462 628 1542 κέρδος
651 1457 735 1519 tueri
745 1454 784 1540 Ρ).
818 1495 859 1502 —-
892 1457 933 1519 In
950 1455 1079 1542 Ὄλβιος
1102 1477 1154 1523 co-

79 1559 190 1640 piosus
232 1559 319 1631 Trai,
348 1585 377 1632 v,
403 1561 648 1648 Όλβισδαίμαν,
686 1562 819 1627 tradens
847 1585 912 1642 non
945 1569 1074 1629 tanturn
1108 1563 1155 1628 di·

79 1667 220 1731 serimen
252 1669 335 1732 inter
368 1666 475 1755 ὄλβιος
506 1676 538 1733 et
567 1669 709 1759 εὐτυχής,
743 1670 801 1734 sed
829 1676 862 1735 et
883 1671 969 1736 inter
992 1669 1152 1756 πλούσιος,

81 1772 235 1858 εὔπορος,
266 1774 414 1862 ἀφνειός,
446 1773 607 1862 εὐδαίμων·
635 1785 667 1841 et
694 1777 869 1864 μακάριος,
902 1777 989 1862 quod
1017 1783 1050 1841 et
1075 1776 1154 1842 Arn-

1 1953 2 1972 Ῑ
83 1881 212 1944 monins
242 1884 366 1948 notavit
395 1906 422 1946 v.
448 1883 608 1962 Πλοὺστος
630 1908 662 1966 p.
690 1889 751 1948 113
777 1907 797 1948 a
820 1907 884 1972 quo
908 1884 941 1947 in
966 1906 1003 1948 eo
1028 1891 1153 1952 tantum

80 1986 189 2052 differt
211 1989 343 2072 Noster,
379 1991 468 2076 quod
501 2014 573 2055 num
604 1991 734 2056 Thoma
768 1998 801 2056 et
824 1990 936 2062 Ascal.
960 1993 1026 2077 'pro
1054 1989 1149 2075 τύχας

80 2094 201 2158 habeat
231 2101 343 2182 χρείας
375 2096 430 2181 (ef,
451 2098 494 2161 Ε.
521 2103 559 2163 G.
585 2101 661 2180 424,
681 2104 722 2162 58
752 2105 784 2163 et
815 2122 843 2163 v.
873 2120 924 2162 me
953 2098 994 2163 de
1017 2098 1079 2164 hac
1103 2097 1149 2162 di-

82 2203 252 2267 stinctione
265 2205 299 2267 in
314 2205 525 2270 antecedente
542 2207 647 2291 capite
666 2205 912 2291 disputantem).
931 2245 970 2252 -—
988 2228 1020 2292 p,
1033 2212 1085 2271 20.
1110 2207 1152 2271 In
1263 2237 1265 2242 ·

1 2343 2 2346 ¹
80 2315 178 2396 Νῆες,
190 2315 225 2377 αἱ
233 2311 294 2395 μὲν
303 2319 374 2390 νῆες
385 2312 571 2400 στρογγύλαι
583 2307 821 2399 φορττζόμεναι·
837 2311 872 2380 nd
884 2313 920 2380 δὲ
934 2318 1049 2381 πλοῖον
1060 2334 1152 2399 στρα-

79 2413 223 2485 τιωτικόν
240 2419 324 2482 unde
342 2425 374 2482 et
389 2419 485 2485 lectio
504 2431 741 2503 στρατιωτικοῖς
762 2421 794 2482 in
810 2419 882 2486 loco
897 2418 1085 2486 Aristotelis
1101 2419 1153 2484 fir·

80 2531 199 2592 matur.
224 2525 307 2595 cons,
322 2526 473 2590 Eraniua
492 2567 531 2572 —-
549 2549 579 2611 p.
591 2532 631 2590 22
642 2514 768 2609 treton,
779 2527 834 2608 ait,
850 2529 903 2593 καὶ
922 2525 1070 2594 ἔπαθλον
1084 2532 1152 2594 δια-

81 2629 180 2718 φέρει.
222 2621 336 2699 {ittae
358 2632 418 2718 μὲν
441 2634 500 2720 γὰρ
524 2639 666 2701 καλεῖται
691 2633 784 2710 αὐτὸς
807 2633 822 2696 ὃ
845 2630 941 2717 ἁγών.
985 2633 1150 2702 ”Ennaton

80 2737 117 2806 δὲ
139 2738 172 2804 τὸ
197 2740 369 2824 διδόμενον
391 2739 565 2828 νικήσαντι.
617 2739 776 2806 Convenit
799 2741 959 2830 EraniuS„
984 2741 1039 2827 qui
1070 2739 1151 2806 bene

78 2844 113 2912 ni
142 2845 312 2930 διδόμενον
342 2854 385 2936 τῷ
418 2845 585 2922 νικήσαντι
616 2850 726 2934 δῶρον.
782 2849 904 2916 Verum
932 2854 1041 2930 potest
1068 2847 1151 2912 haec

80 2953 323 3034 ἒναντιοράνεια
355 2955 436 3039 (scil.
467 2978 540 3020 cnm
563 2955 678 3020 Amm.
703 2960 725 3019 4
756 2943 863 3033 ἆθλος
887 2961 919 3018 et
943 2943 1072 3040 ἆθλον.)
1104 2957 1152 3022 ita

79 3061 160 3131 tolli,
187 3050 303 3140 Ἄθλοις
326 3085 444 3148 nempe
460 3069 587 3130 tantum
605 3070 771 3128 certamen
788 3063 958 3146 signifieat,
976 3085 1041 3132 non
1057 3085 1151 3150 prae·

81 3171 191 3240 mium.
240 3167 354 3238 Ἆθλον
391 3173 570 3256 praemium
606 3170 662 3236 sed
696 3178 728 3235 et
761 3177 932 3236 certarnen.
983 3171 1151 3240 Ἐπαθλον

80 3278 260 3362 praemium
286 3284 422 3350 tantum,
456 3318 496 3327 -—
530 3301 561 3364 p.
589 3283 629 3342 30
658 3281 783 3346 Σικελοὶ
809 3283 869 3363 μέν
898 3281 979 3346 εἰσιν
1003 3283 1036 3346 οἱ
1057 3277 1089 3339 ἓν
1111 3281 1151 3367 τῇ

78 3389 209 3472 Σικελία
235 3389 390 3463 οἷκοῦντες
413 3385 583 3472 βάρβαροι.
636 3389 823 3453 Σικελιῶται
848 3387 881 3452 δὲ
905 3391 936 3452 οἱ
959 3384 1025 3453 α’πό
1043 3383 1150 3472 Ἑλλή-

78 3518 142 3558 νων
165 3489 291 3570 πόλεως
315 3488 569 3580 μετοικήσαντος.
617 3491 671 3578 (cf.
695 3493 748 3562 Pt.
770 3498 809 3560 A.
835 3491 964 3580 §145).
991 3530 1031 3538 —
1055 3491 1150 3556 Haeo

81 3619 188 3684 pauca
212 3598 385 3681 sufficiant,
411 3600 507 3686 plura
530 3601 563 3664 in
585 3621 622 3665 re
646 3599 790 3664 dilucida
814 3598 934 3663 addere
958 3597 1043 3665 nolo.

510 3729 680 3734 ----—---
691 3727 723 3734 -a-

341 3777 439 3844 XIV.
463 3777 515 3843 De
541 3777 680 3844 Thema
703 3777 889 3858 Magistro.

149 3903 201 3966 De
226 3902 356 3968 Thema
377 3883 540 3986 Magistro
566 3881 740 3968 admedum
764 3901 894 3966 difficile
918 3906 967 3965 est
988 3899 1146 3966 iudicatu.

80 4011 165 4074 Eum
199 4031 269 4078 cum
302 4009 480 4076 Ammonio
521 4008 611 4074 haud
650 4029 756 4091 pauca
793 4008 977 4074 communia
1012 4006 1147 4092 habere,

954 4132 987 4186 11
