2856 4850
478 491 699 550 ψ17..

36 667 72 733 δὲ
93 673 261 756 πανσυδίῃ
286 671 340 736 καὶ
364 670 417 736 διὰ
441 676 501 735 τῶν
518 666 575 734 δίο
592 675 618 734 ὃ·
636 661 813 753 γράφουσιν
838 670 869 732 οἱ
888 667 1042 732 παλαιοί“
1062 670 1121 728 etc.

40 779 121 858 167,
148 781 197 869 ,14
230 775 270 845 Β,
295 781 352 840 21:
410 781 586 862 ,Γέρονιας
616 781 655 842 δέ
684 794 782 861 φασιν
820 777 851 840 οἱ
881 775 1015 840 παλαιοὶ
1046 771 1122 858 παρ’

31 883 171 970 Ὁμήρῳ
199 882 272 960 τοὺς
303 885 449 968 ἐντίμους
479 888 646 967 λέγεσθαι,
680 881 721 959 ὥς
750 906 810 965 περ
835 880 873 966 δι]
906 881 959 946 καὶ
982 880 1124 946 ἐνταῦθα

38 995 93 1056 καὶ
143 991 213 1074 μει’
255 993 365 1075 ὀλίγον
405 992 437 1057 ἐν
474 996 531 1079 up,
563 987 661 1078 βουλὴ
695 987 898 1072 μεγαθύμων
937 985 1120 1074 γερόντων.“

43 1104 121 1178 169,
155 1103 198 1161 30
231 1099 272 1162 B.
305 1104 363 1163 41:
417 1102 485 1180 ,Τὸ
519 1098 555 1165 δὲ
584 1100 748 1182 α’μφίχυιο
778 1097 918 1164 ἐνταῦθα
948 1096 1124 1164 ἐπαινεῖται

42 1202 137 1292 παρα
165 1211 236 1273 τοῖν
260 1211 436 1275 παλαιῶν.“
488 1205 747 1287 171,1B,49:
782 1204 921 1270 ἐνταῦθα
954 1201 991 1271 δὲ
1015 1223 1123 1291 σημει-

41 1319 158 1380 οῦνταί
198 1318 230 1380 οί
257 1318 410 1382 παλαιοίιι
442 1320 502 1384 eto.
549 1313 612 1394 Hi,
643 1334 723 1398 quos
757 1311 893 1394 protuli,
920 1309 1122 1394 ·looi,snullo

45 1419 152 1488 modo
179 1427 276 1502 stant,
302 1422 363 1484 nisi
386 1421 433 1486 ita
458 1421 668 1503 explicantur,
694 1427 730 1485 ut
752 1419 824 1484 illos
842 1418 1004 1496 παλαιούς
1026 1419 1123 1484 inter-

44 1535 162 1610 pretes
179 1528 386 1610 Homericos
411 1527 588 1596 Eustathio
611 1529 746 1611 priores,
772 1549 841 1592 esse
865 1534 1029 1610 putemus
1070 1525 1123 1592 Ac

42 1657 81 1697 no
117 1636 196 1720 quis
235 1635 407 1716 erraverit,
446 1642 521 1700 sunt
553 1635 630 1700 satis
664 1635 760 1700 multi
795 1634 875 1716 loci,
914 1634 1032 1720 quibus
1062 1656 1124 1701 vox

42 1748 194 1810 παλαιοί
220 1743 320 1807 aliam
352 1742 452 1806 habet
480 1742 761 1825 significationem.
817 1741 883 1808 Sed
915 1742 937 1807 ii
969 1741 1123 1807 facillime

42 1849 241 1931 seiungendi
284 1857 367 1915 sunt.
432 1851 544 1916 Etiam
587 1851 703 1920 talium
746 1851 902 1918 nonnulla
939 1870 1122 1933 proponam

45 1957 225 2040 exempla:
253 1962 347 2040 rear
376 1958 482 2041 ,υῒγώυ
506 1969 571 2034 τοῖς
594 1963 745 2036 παλαιοῖς
777 1945 816 2045 ἦν
839 1955 949 2045 πολὺς,
967 1959 1009 2035 ὡς
1025 1949 1121 2038 stuic,

43 2058 289 2150 ιίποσεμνίνειν
320 2065 392 2142 roric
422 2067 575 2152 ἄρχοντας
605 2064 627 2152 ἢ
656 2069 709 2134 καὶ
740 2065 843 2144 ἄλλως
879 2062 1119 2153 ὗπερίχονιας.”

46 2196 234 2257 „magnum
252 2173 365 2255 priscis
383 2173 567 2239 hominibus
586 2181 751 2240 certamen
768 2175 848 2240 fuit“
876 2180 936 2244 eto.
972 2157 1123 2238 Eandem

45 2282 323 2364 significationem
341 2307 370 2352 v.
391 2288 440 2363 18,
452 2285 506 2351 45,
544 2281 656 2346 Aliam
671 2281 772 2348 habes
792 2288 864 2364 170,
886 2285 924 2346 12
950 2285 1070 2369 ,δῆλον
1086 2279 1124 2348 δὲ

45 2395 99 2458 καὶ
113 2391 167 2459 ὅτι
185 2386 260 2459 οὐδὲ
275 2389 410 2484 πάντοτε
425 2390 519 2473 χιτών
543 2395 667 2475 λέγεται
682 2388 715 2456 τὸ
734 2392 767 2458 ἐκ
783 2395 872 2458 λίνου
887 2388 946 2475 μὲν
963 2387 1121 2475 coactio,

47 2501 256 2583 ἐπικείμενον
280 2499 316 2567 δὲ
339 2501 448 2567 αὐτίκα
468 2504 511 2585 τῷ
532 2494 663 2583 σοι’μαιι,
685 2501 750 2582 είγε
770 2499 824 2565 καὶ
848 2497 882 2584 ἐξ
907 2495 1012 2564 οὔλων
1030 2495 1122 2582 ἐρίων

48 2615 153 2688 χιτών
170 2612 293 2690 λέγεται
309 2607 394 2694 παρολ
416 2617 481 2682 τοῖς
501 2609 683 2683 παλαιοίς.“
714 2604 769 2668 ubi
786 2605 872 2691 παρὰ
890 2615 955 2680 τοῖς
971 2607 1123 2680 παλαιοῖς

47 2713 140 2796 apud
168 2715 318 2801 antiquus
343 2714 516 2796 scriptores
533 2713 598 2799 (bei
622 2712 685 2778 den
709 2710 928 2797 Klassikern).
970 2709 1122 2776 Eandem

48 2819 321 2901 significationem
353 2847 380 2887 v.
413 2827 542 2904 1050,1.
574 2823 646 2902 ,καὶ
667 2824 758 2887 ιοῖπο
782 2814 921 2903 §ortui
948 2815 1036 2905 παρά
1058 2829 1123 2896 τοῖς

18 2987 23 2998 .
49 2932 207 3004 παλαιοῖς
229 2927 300 3006 τοὺς
324 2930 522 3014 ἐπιλογικους
552 2922 789 3016 πραγματικούς
820 2927 940 3003 οἴκτους
973 2923 1123 3014 ἐποίησεν

49 3043 110 3104 etc,
166 3033 260 3100 Talia
283 3039 309 3100 si
333 3060 353 3102 a
376 3040 490 3102 ceteris
514 3038 680 3119 seiungam,
706 3040 892 3100 constanter
907 3033 1122 3100 Eustathium

48 3143 188 3207 innuere
219 3139 339 3208 videbis
373 3144 574 3226 scholiastes,
610 3144 665 3208 nbi
701 3143 763 3207 illis
808 3142 958 3210 formulis
995 3141 1123 3207 dicendi

50 3250 165 3330 utitur,
193 3257 228 3315 ut
252 3255 349 3337 φασὶν
373 3259 405 3322 οῖ
426 3258 577 3335 παλαιοί,
605 3250 784 3338 γράφουσιν
809 3255 840 3318 οἱ
862 3257 1013 3337 παλαιοί,
1036 3258 1122 3320 κατα

51 3359 124 3430 mir:
152 3358 314 3432 παλαιούς
339 3367 397 3424 etc.

121 3465 163 3528 Id
189 3467 304 3549 igitur,
331 3469 419 3553 quod
436 3469 550 3540 Valck,
574 3468 680 3551 primo
705 3467 777 3534 loco
795 3467 913 3550 posuit,
939 3467 1021 3534 falso
1038 3466 1122 3549 posi-

51 3585 123 3637 tum
151 3581 218 3656 est,
247 3598 323 3641 nam
340 3577 434 3642 Eust.
454 3578 504 3640 vix
522 3575 622 3641 ullam
640 3575 863 3641 collectionem
879 3575 1122 3657 synonymicam

59 3683 211 3747 inanibus
237 3684 376 3767 attrivit,
403 3685 459 3749 sed
484 3685 704 3750 distinctiones
728 3683 886 3765 plurimas
912 3705 950 3746 ex
982 3704 1046 3748 una
1074 3681 1124 3746 vel

54 3788 203 3869 pluribus
228 3790 428 3859 scholiorum
445 3793 688 3860 collectionibus
705 3792 835 3874 petivit;
860 3793 927 3856 iam
944 3790 1121 3872 videamus,

58 3897 227 3977 quomodo
240 3895 595 3968 'ceteraValekenaerio
612 3899 838 3982 processerint.
871 3899 983 3980 Pergit
991 3898 1122 3967 Valck:

58 4003 252 4082 „Interdum
294 4029 349 4074 eos
380 4009 547 4089 nominat,
581 4029 721 4093 quorum
752 4006 816 4070 fide
858 4007 960 4072 utitur
1001 4013 1122 4076 noster.

57 4110 148 4194 Quae
184 4112 225 4176 de
256 4121 404 4180 aetatum
433 4115 615 4182 nominibus
640 4137 679 4178 ex
701 4110 871 4180 Alexionis
896 4114 1038 4197 epitome
1061 4113 1124 4178 Mi·

946 4238 963 4290 2
