2856 4850
747 497 965 558 -20-

325 675 417 758 giant
433 695 559 754 causae,
578 674 695 761 quibus
716 679 902 741 commotus
920 673 1144 740 distinctiones
1158 673 1396 738 Eustathiauas

326 781 510 850 Ammonio
534 781 706 863 addixerit,
728 781 896 846 Herennio
917 780 1159 846 abiudica'verit.
1208 779 1261 844 Sic
1284 782 1394 865 pergit

325 889 461 960 Valde:
502 887 620 972 „Quod
643 911 742 975 porro
767 888 810 952 ad
832 889 1029 954 firmandam
1052 909 1170 956 vocum
1204 885 1393 972 ν”σφοόέλοο

327 1005 360 1063 et
376 999 563 1085 ἀσφοδελοῦ
580 996 796 1063 differentiam
813 998 984 1062 ambitiose
1000 997 1205 1062 Herennium
1220 995 1396 1060 Philonem

271 1183 272 1190 η
327 1107 361 1173 ἐν
375 1107 419 1193 τῷ
433 1108 508 1193 περὶ
524 1103 690 1192 διαφόρων
707 1111 950 1194 σημαινομένων
966 1104 1103 1172 advocet
1119 1104 1322 1185 EustathiuS,
1348 1105 1398 1169 uti

328 1220 361 1279 et
393 1213 550 1280 advoces
575 1210 673 1305 ἆσνηρ
702 1220 734 1278 et
763 1211 889 1302 ἄστρον,
929 1212 1122 1278 admirabile
1155 1212 1255 1276 videri
1287 1213 1393 1297 possit

329 1327 427 1407 atque
458 1319 641 1386 ridiculum.
698 1319 739 1385 Iu
769 1342 804 1384 re
835 1321 1040 1406 pervulgata,
1075 1328 1106 1384 et
1130 1343 1150 1384 a
1182 1321 1294 1386 multis
1318 1325 1396 1383 autc

327 1427 541 1494 Eustathium
573 1427 712 1510 tradita,
753 1428 877 1494 adeone
910 1429 1043 1494 alterius
1075 1429 1205 1494 laudem
1240 1429 1301 1493 sibi
1341 1429 1397 1492 tri-

328 1535 428 1601 buere
445 1535 635 1604 formidavit
651 1535 902 1600 Thessalonicae
926 1537 1196 1622 archiepiscopus,
1224 1543 1260 1602 ut
1283 1544 1398 1602 sancte

233 1637 238 1646 ⁴
328 1641 534 1710 Herennium
564 1629 732 1709 nominet?
764 1643 995 1724 CrederemuS,
1029 1645 1056 1707 si
1096 1644 1233 1709 eandem
1275 1644 1397 1726 ubique

328 1748 530 1834 diligentiam
555 1751 785 1822 adhibuisset‚“
834 1753 892 1816 Nil
907 1752 1010 1833 viden,
1029 1751 1118 1836 quod
1141 1754 1173 1816 in
1189 1774 1260 1817 rem
1284 1750 1396 1820 faciat.

330 1855 395 1923 Sed
417 1859 528 1926 inania
543 1861 642 1926 verba
659 1859 767 1943 audio,
786 1860 936 1945 subitque
953 1861 1073 1940 mirari,
1096 1859 1139 1922 ad
1162 1859 1242 1924 talia
1258 1859 1398 1926 Valcke-

327 1966 455 2034 naerios
479 1967 635 2050 refugere.
683 1967 797 2032 Bonus
816 1975 926 2032 noster
950 1967 1211 2053 archiepiscopus
1227 1966 1398 2052 haudqua-

328 2095 426 2161 quam
452 2074 628 2157 ignoravit,
654 2097 687 2138 se
712 2073 892 2142 admodum
915 2082 995 2140 nota
1018 2075 1149 2146 referre.
1195 2075 1284 2140 Dicit
1309 2074 1397 2137 euim

330 2184 381 2262 10,
399 2184 483 2244 831:
516 2177 677 2268 διαφορὰν
698 2181 734 2250 δὲ
758 2183 889 2269 ἀστέρος
911 2186 963 2250 καὶ
987 2183 1119 2271 ἄστρον,
1139 2179 1194 2272 νην
1218 2185 1271 2249 καὶ
1295 2183 1394 2249 ἄλλο·

327 2293 387 2373 χοῦ
410 2293 623 2380 δηλουμένην,
649 2284 807 2377 Ἐρέννιος
833 2294 939 2358 Φίλων
964 2297 1060 2378 φησίν
1084 2298 1144 2361 etc.
1202 2287 1267 2355 Sed
1301 2289 1396 2374 quid-

328 2418 406 2462 nam
454 2397 587 2481 dubito,
625 2403 733 2462 cetera
764 2398 991 2467 Valckenaerii
1032 2397 1192 2480 proferre,
1235 2419 1310 2462 cum
1353 2396 1400 2459 ibi

295 2549 298 2552 -
330 2503 491 2570 mehercle
527 2506 553 2570 si
590 2526 725 2591 usquam
763 2512 868 2570 certas
907 2507 974 2571 eius
1015 2527 1130 2571 causas
1171 2505 1285 2569 allatas
1311 2525 1400 2567 *esse

330 2613 517 2698 putandum
533 2615 583 2679 sit.
616 2614 695 2680 Noli
712 2615 833 2696 mirari,
852 2615 879 2678 si
894 2614 1024 2684 falleris.
1068 2615 1140 2695 „Ita
1156 2613 1255 2696 igitur
1272 2618 1393 2692 statu0,

268 2717 271 2723 ’
331 2718 542 2788 Eustathium
565 2723 681 2804 legisse
706 2723 865 2805 eundem,
892 2744 990 2807 quem
1023 2721 1201 2802 habenmS,
1225 2719 1423 2814 Ammouiiq

215 2853 217 2859 ⁴
331 2828 492 2912 libellum,
518 2835 551 2894 et
567 2829 671 2894 simile
689 2831 789 2897 etiam
805 2831 1000 2916 opusculum
1018 2829 1077 2894 sub
1095 2831 1224 2894 nomine
1240 2828 1401 2892 Hercunii

331 2933 498 3020 Philonis,
522 2958 588 3002 non
612 2939 728 3002 veteris
751 2939 843 3005 istius
867 2939 1075 3021 grammatici
1098 2937 1216 3021 Byblii,
1243 2936 1299 3001 sed
1315 2935 1399 3001 Am·
1422 2973 1423 3016 η

332 3044 444 3111 monio
467 3045 564 3128 longe
586 3046 789 3128 recentioris,
807 3046 863 3130 qui
887 3046 992 3111 multa
1007 3044 1186 3112 Ammonio
1211 3045 1398 3127 sublegerit,

331 3157 365 3214 et
389 3150 513 3218 clarum
537 3173 657 3218 nomen
674 3173 752 3218 suae
774 3152 899 3238 opellae
915 3154 1092 3238 praefigere
1117 3153 1264 3222 voluerit.
1309 3153 1401 3218 Huic
1422 3161 1423 3240 η

332 3259 506 3344 suspicioni
529 3259 628 3325 fidem
652 3260 791 3342 faciunt,
817 3282 900 3345 quae
923 3259 1104 3328 Ammonio
1130 3282 1207 3325 enm
1233 3259 1266 3322 iu
1299 3241 1423 3325 finem-l

331 3366 544 3450 subiecimus,
568 3368 683 3433 Eranii
705 3367 852 3432 Philonis
869 3369 1045 3454 Excerpta.
1091 3359 1204 3432 De'eo
1229 3366 1399 3449 addubito,

200 3443 211 3536 Ι.
332 3480 443 3542 utrum
465 3475 552 3541 hunc
583 3475 729 3542 libellum
760 3475 940 3561 pleniorem
973 3477 1088 3558 legerit
1110 3475 1320 3557 Emathias,
1357 3499 1400 3539 an

333 3583 525 3669 plerumque
560 3582 779 3649 Ammonium
813 3604 878 3647 uon
914 3583 1121 3648 nominatum
1158 3582 1398 3668 desc1·ipserit.“

331 3691 500 3756 Iamiam
524 3691 619 3757 adest
641 3690 735 3773 illud,-
763 3689 851 3778 quod
876 3698 976 3776 caput
1002 3696 1050 3755 est
1074 3690 1303 3776 disputationis
1321 3691 1401 3757 Val-

332 3796 585 3881 ckenaerianae,
625 3799 688 3866 hoc
726 3797 789 3866 hoc
819 3799 929 3883 ipsum
961 3799 1074 3868 Valch.
1114 3797 1400 3865 demonstraturus

333 3905 420 3970 erat!
446 3904 511 3970 Sed
536 3928 637 3992 quam
653 3907 775 3992 raptim
800 3906 833 3968 iu
849 3905 934 3972 hanc
955 3908 1149 3972 sententiani
1174 3905 1316 3990 proruit!
1334 3905 1401 3971 Ubi
1422 3897 1423 3942 l

332 4018 408 4079 sunt
430 4012 566 4080 tandem
590 4019 799 4095 argumenta,
826 4009 948 4098 quibus
972 4016 1060 4080 nisus
1091 4014 1173 4080 talia
1206 4012 1398 4081 contendat!

333 4117 458 4202 Quibus
483 4121 589 4187 causis
613 4119 706 4188 nobis
730 4120 916 4207 persuadet,
941 4121 1169 4203 Eustethium,
1196 4141 1271 4186 cum
1295 4119 1399 4186 habu-
