2850 4854
700 482 1017 546 -ιτ-·

277 657 413 746 φθόνος;
436 657 520 748 λύπη
547 657 597 728 ἐπ’
623 658 801 746 ἀλλοτρίοις
825 656 968 740 ἀγαθοῖς·
992 666 1023 728 τί
1036 655 1120 730 ἐστιν
1138 660 1238 749 ἔλεος;
1261 658 1346 747 λύπη

279 763 331 832 ἐπ’
364 760 541 848 ἀλλοτρίοις
573 779 693 845 κακοῖς.
739 771 816 849 422,
835 773 887 837 βό.
937 767 1061 855 Φόβος·
1085 771 1131 846 εἷς
1154 765 1239 835 πόσα
1264 773 1348 835 διαι-

278 883 391 958 ρεῖται;
416 877 462 952 εἷς
495 875 537 948 ἕξ.
573 879 619 954 εἰς
653 873 758 944 ὄκνον·
789 879 835 952 εἷς
869 875 1031 968 ἔκπληξιν.
1066 879 1112 953 εἰς
1135 875 1348 966 κατάπληξιν.

281 984 327 1056 εἷς
359 985 448 1049 αἰδῶ.
482 987 527 1060 εἷς
559 971 718 1071 αόοχύνην·
759 985 812 1050 καὶ
853 985 899 1061 εἷς
931 987 1080 1068 ἀγωνίαν·
1112 987 1169 1052 καὶ
1199 990 1231 1050 τί
1258 981 1350 1054 ἐστιν

276 1087 384 1176 ὄκνος;
402 1089 503 1177 φόβος
518 1088 695 1179 μελλούσης
716 1086 886 1178 ἐνεργείας·
903 1098 934 1159 τί
950 1091 1034 1160 ἐστιν
1052 1089 1214 1181 ἔκπληξις;
1239 1089 1349 1184 φόβος

278 1193 313 1285 ἐξ
337 1191 518 1276 α’σννύθονς
543 1203 718 1284 φαντασίας
743 1193 922 1284 γενόμενος·
946 1205 977 1266 τί
998 1201 1081 1268 ἐστιν
1105 1197 1219 1279 ainata
1246 1197 1349 1286 φόβος

237 1349 239 1352 -
275 1301 329 1372 ἐπὶ
352 1309 544 1392 προσόοκεόφ
561 1299 661 1389 λόγων
686 1304 719 1388 (l.
739 1301 875 1392 ψόγων).
907 1313 938 1374 τί
951 1304 1038 1376 ἐστιν
1062 1305 1214 1395 αἰσχύνῃ
1240 1304 1346 1392 φόβος

188 1495 191 1498 ¹
275 1409 328 1480 ε’πὶ
352 1417 470 1502 αἰσχρῷ
493 1412 654 1498 πράγματι
677 1420 906 1500 πεπραγμένος·
929 1421 961 1482 τί
981 1412 1217 1502 ε’σιιννάγωνίῳ
1242 1409 1346 1500 φόβος

279 1516 491 1604 θιοτιτάσενς,
523 1526 684 1590 τουτέστιν
712 1517 898 1605 ἀποτυχίας·
929 1517 1123 1609 φοβούμενοι
1147 1516 1205 1607 γάρ
1229 1517 1347 1588 ἀποτυ-

275 1638 344 1710 χεθν
367 1637 425 1716 της
449 1627 594 1716 πράξεως
619 1626 814 1714 ἀγωνιῶμεν.
861 1629 907 1693 Ut
937 1629 1070 1695 tandem
1102 1628 1142 1692 de
1165 1628 1227 1692 hac
1250 1634 1347 1692 nota·

276 1734 333 1800 bili
366 1754 619 1819 synonymorum
654 1737 736 1801 serie
765 1735 908 1800 iudicare
941 1737 1046 1819 liceat,
1081 1758 1167 1802 nunc
1191 1735 1348 1800 accedam

268 1831 319 1908 'ad
342 1842 612 1927 Etymologicum
636 1842 805 1924 Magnum.

706 2080 919 2089 ——-——-—-

527 2237 571 2304 X.
597 2237 649 2303 ne
673 2237 927 2323 Etymologico
951 2239 1090 2322 Magno.

344 2381 384 2446 Ε.
404 2381 452 2452 M.
471 2379 573 2446 habet
596 2379 774 2448 admodum
794 2404 910 2467 pauca.
923 2381 966 2446 ad
983 2389 1085 2447 artem
1103 2381 1348 2464 synonymicam

190 2567 193 2570 .
278 2489 471 2575 spectantia,
505 2495 537 2553 et
567 2509 605 2552 ea
635 2491 707 2575 ipsa
735 2511 794 2575 per
818 2489 1054 2574 Epimerismos
1078 2489 1184 2554 varios
1210 2494 1243 2552 et
1267 2487 1350 2551 alios

283 2595 450 2660 doctrinae
465 2597 696 2662 Herennianae
720 2593 928 2664 secundarios
946 2598 1051 2662 fontes
1076 2597 1209 2682 accepit.
1258 2595 1349 2660 Lite-

278 2726 390 2770 rarum
415 2729 494 2772 ο-ι
518 2703 659 2786 singulas
685 2704 905 2770 distinctiones
942 2705 1031 2792 apud
1056 2704 1270 2770 Ammonium
1295 2725 1348 2766 ex-

277 2820 382 2878 tantes
400 2809 574 2877 secundum
591 2811 729 2878 indicem
743 2811 892 2882 editionis
903 2812 1153 2880 Gaisfordianae
1166 2812 1347 2894 requirens

277 2920 358 2985 haec
373 2920 501 2984 inveni:
527 2922 564 2985 Ε.
593 2919 640 2984 Μ.
670 2924 718 3003 13,
741 2926 792 2991 22.
840 2919 948 3009 ἄγριος
973 2928 1004 2986 et
1029 2915 1164 3006 ἀγρεῖος,
1215 2919 1348 3004 Inspice

279 3027 365 3092 huno
387 3028 507 3110 locum,
542 3033 574 3091 et
598 3029 708 3092 statim
732 3051 808 3094 eum
834 3051 900 3096 non
925 3049 964 3092 ex
987 3025 1166 3094 Ammonio
1191 3027 1350 3091 liaustnm

281 3151 351 3200 esse
385 3155 568 3216 cognosces.
614 3134 735 3222 (Amm.
763 3135 807 3221 3).
874 3141 908 3206 Ε.
933 3135 980 3206 Μ,
1008 3141 1058 3217 19,
1090 3141 1130 3198 27
1162 3134 1283 3210 ἄεθλος
1316 3139 1350 3196 et

278 3241 397 3310 ἄεθλον
445 3239 568 3327 (Anam.
601 3241 646 3328 4).
709 3243 749 3308 E.
772 3241 831 3306 M.
867 3248 920 3326 40,
944 3248 984 3306 26
1015 3246 1090 3310 αι’τώ
1128 3249 1159 3306 et
1197 3245 1352 3326 αἰτοῦμαι

278 3347 405 3435 (Anam.
431 3348 475 3434 5).
524 3349 563 3414 E.
582 3349 629 3420 M.
649 3355 722 3433 774,
743 3355 782 3416 13
807 3355 893 3419 anxa
918 3357 950 3416 et
973 3349 1071 3436 ὕβρις,
1097 3350 1190 3414 addit
1212 3351 1352 3431 Etymo-

278 3457 382 3540 loguS,
425 3463 462 3522 ut
495 3457 619 3523 fontem
653 3480 746 3523 sunm
778 3459 898 3523 indicet
925 3457 1099 3548 Ῥητορική.
1149 3457 1272 3546 (Ainm.
1305 3458 1352 3542 θ).

279 3565 320 3635 n.
344 3565 393 3636 M.
419 3570 493 3648 οτι,
513 3571 552 3629 35
588 3561 668 3654 ικιή
701 3572 733 3630 ει
763 3571 820 3643 τις
854 3572 885 3630 ει
917 3571 1040 3655 onyae.
1107 3563 1174 3636 An.
1200 3565 1259 3632 Ox,
1286 3569 1350 3628 τοι

281 3670 406 3757 (Amm.
427 3673 471 3759 9).
513 3673 552 3738 Ε.
576 3672 624 3744 M.
647 3677 698 3756 62,
712 3678 751 3738 51
777 3669 899 3761 ἀληθές
924 3679 956 3738 et
979 3672 1104 3763 ἄληθες
1125 3671 1252 3758 (Αιαια,·
1272 3670 1348 3754 ln).

279 3765 321 3850 Ε.
354 3779 401 3844 Μ.
434 3783 514 3863 145,
541 3783 582 3846 14
620 3779 816 3867 ἄρματροχιά
849 3787 881 3844 et
913 3779 1091 3866 ἆματρογιά
1129 3779 1245 3866 (Amm.
1284 3778 1349 3862 11).

280 3891 318 3952 Ε.
333 3885 380 3951 Μ.
394 3893 477 3970 83,7
496 3883 617 3976 ἀμητός
634 3895 667 3951 et
685 3887 808 3975 ἄμητος
823 3887 889 3956 An.
907 3885 967 3957 Ox.
984 3887 1031 3969 II,
1045 3891 1119 3956 331.
1145 3885 1270 3973 (Amin.
1284 3885 1350 3970 15).

280 3993 320 4059 Ε.
331 3993 377 4060 Μ.
392 3999 465 4078 114,
477 3999 517 4060 27
535 3993 685 4078 ἀντικρος
701 4001 734 4059 et
748 3989 886 4080 ἀντικρύ.
911 3992 975 4059 An.
989 3993 1051 4066 Ox.
1062 3997 1126 4059 443
1143 3992 1271 4078 (Amm.
1283 3993 1351 4079 17).

280 4093 323 4166 E:
347 4101 395 4174 M.
418 4106 492 4184 547,
512 4108 553 4167 50
578 4101 690 4180 ἄξονες
714 4109 746 4167 et
769 4101 905 4186 κύρβεις.
946 4101 1011 4168 An.
1037 4101 1098 4173 Ox.
1116 4107 1197 4185 2213
1220 4102 1268 4183 II,
1286 4105 1351 4165 455
