2850 4854
516 481 742 544 -99-

87 654 126 716 in
149 651 188 716 E.
208 650 249 717 G.
267 652 445 742 pervenit);
469 655 509 720 E.
529 653 571 727 G.
589 660 663 738 567,
683 660 723 720 12
746 659 879 740 χλαῖναι
904 660 1029 740 χλαῖνα,
1045 661 1163 742 χλανίς,

88 759 214 847 χλαμός
245 790 290 814 z
319 762 386 834 An.
418 762 479 834 Ox,
503 765 530 846 Ι,
555 768 632 846 435,
652 769 691 828 21
727 763 1037 849 (Epimerismorum
1071 763 1162 830 loeus

87 870 219 935 videtur
243 871 441 958 mutilatus).

164 977 259 1044 'Haeo
288 980 408 1060 omnia,
445 1000 528 1064 quae
558 978 664 1043 adhue
688 1001 728 1044 ex
750 978 989 1062 Etymologioo
1006 976 1163 1047 Gudiano

87 1106 110 1147 a
140 1106 190 1150 me
214 1085 346 1170 prolata
379 1093 465 1168 sunt,
499 1087 532 1150 in
561 1087 745 1155 universum
776 1125 817 1132 —-
846 1085 887 1150 de
916 1085 1051 1168 singulis
1080 1087 1163 1154 enirn

1 1253 2 1258 ,
87 1191 287 1276 quibusdam
311 1195 380 1278 ipse
403 1193 518 1261 dubito
536 1216 615 1258 -a
638 1195 779 1276 genuino
795 1193 955 1257 Herennii
971 1215 1069 1280 opere
1093 1215 1165 1279 pro-

86 1300 180 1363 fecta
195 1300 292 1363 variis
316 1301 375 1366 viis
392 1302 545 1386 varieque
568 1302 692 1366 iactata
709 1307 877 1387 postremo
894 1302 928 1364 in
944 1305 981 1366 E.
1000 1299 1041 1368 G.
1059 1308 1163 1366 trans·

1 1451 2 1500 ,
85 1407 166 1468 iisse
199 1405 349 1472 arbitror.
405 1408 524 1473 Restat
557 1414 667 1475 autern
697 1430 834 1490 magnus
864 1430 1018 1476 numerus
1051 1408 1163 1474 distin-

1 1503 2 1580 i
87 1515 236 1578 etionum
260 1515 404 1580 nondum
421 1521 646 1596 tractatarum,
673 1514 845 1598 dequibus
869 1537 910 1580 ne
933 1517 1011 1602 ipsis
1029 1516 1162 1604 quidem

1 1679 2 1732 ,
88 1621 174 1684 mihi
197 1621 272 1685 lieet
294 1629 412 1686 tacere.
461 1620 527 1686 Sed
550 1623 582 1685 in
606 1624 644 1686 iis
662 1622 887 1688 enumerandis
903 1624 1062 1689 maiorem
1085 1623 1163 1692 mihi
1283 1664 1285 1668 -

87 1749 218 1791 sumam
248 1728 441 1799 libertatern,
501 1727 701 1795 Omittentnr
733 1732 819 1795 enim
856 1729 1016 1813 plurimae
1050 1753 1163 1798 earum

1 1845 2 1918 ξ
87 1835 350 1916 distinctionum,
376 1857 469 1920 quae
485 1836 648 1921 pertinent
671 1836 714 1900 ad
737 1857 830 1901 voces
854 1857 920 1900 non
943 1839 1160 1904 nisi'aoeentu

1 1925 2 1938 ¹
86 1942 142 2005 vel
167 1943 282 2026 spiritu
305 1943 355 2006 vel
379 1963 444 2007 una
467 1942 563 2007 litera
587 1942 742 2014 diversas.
797 1943 921 2025 Porro,
956 1965 1029 2009 oum
1058 1946 1092 2009 in
1116 1967 1163 2011 se·

1 2111 2 2130 ,
87 2049 265 2131 quentibus
298 2049 396 2113 insint
428 2056 459 2113 et
488 2049 725 2133 distinctiones²
760 2072 844 2136 quae
877 2051 927 2116 vel
958 2051 1081 2120 maiore
1113 2053 1164 2117 vel

90 2158 220 2223 minore
243 2159 311 2221 veri
334 2157 439 2240 speeie
462 2157 577 2220 referri
593 2158 719 2242 possint
735 2157 777 2222 ad
793 2149 1008 2242 Herennium,
1034 2166 1161 2226 ceterae

1 2278 2 2334 1
87 2270 201 2329 autem
226 2264 268 2330 ab
292 2263 504 2330 Herenniana
527 2262 677 2328 doctrina
708 2265 832 2330 alienae
860 2267 980 2348 partim
1008 2289 1049 2334 ex
1071 2267 1162 2334 libris

87 2374 304 2456 synonymieis
328 2372 504 2453 sublectae,
536 2373 655 2455 partim
679 2370 720 2436 ab
745 2378 877 2436 auctore
900 2373 951 2438 vel
975 2374 1162 2441 auctoribus

1 2483 2 2560 ]
86 2481 310 2569 Etyrnologioi
331 2481 489 2560 inventae,
524 2479 645 2564 partim
667 2485 743 2561 post
771 2477 939 2544 eonditum
962 2482 1162 2564 Etymologi·

88 2611 165 2652 oum
189 2609 209 2652 a
231 2587 465 2670 posterioribus
490 2585 678 2670 magistellis
711 2587 864 2672 appietae
890 2588 968 2670 sint,
1003 2589 1158 2673 singulus,

87 2702 190 2782 prout
214 2717 363 2780 quaeque
386 2695 460 2759 huie
483 2695 535 2762 vel
566 2695 613 2760 illi
645 2695 755 2778 generi
785 2694 1051 2760 adnumerandae
1076 2703 1160 2780 sunt,

89 2803 313 2868 distinctiones
338 2823 508 2885 segregare
532 2810 565 2866 et
588 2803 720 2888 proprio
737 2803 809 2868 loeo
827 2803 999 2886 collocare,
1024 2803 1163 2870 forsitan

89 2931 211 2995 operae
241 2911 381 2995 pretium
413 2910 521 2992 fuerit,
553 2916 665 2976 tamen
700 2931 772 2974 oum
804 2910 838 2974 id
867 2903 935 2974 sine
965 2910 1071 2993 longis
1096 2933 1162 2976 am·

87 3018 228 3099 bagibns
251 3018 320 3082 fieri
344 3040 408 3082 non
432 3020 545 3104 possit,
579 3019 620 3083 ab
653 3040 690 3082 eo
714 3017 829 3085 labore
862 3039 948 3082 nune
980 3017 1160 3103 abstinebo,

88 3133 280 3212 ceterasque
305 3125 528 3194 distinctiones
553 3126 605 3190 hio
628 3127 692 3190 illio
723 3126 870 3212 pauculis
895 3126 935 3189 de
959 3147 1031 3192 meo
1054 3127 1162 3195 verbis

88 3233 225 3298 adiectis
255 3234 412 3300 hocloco
436 3233 523 3299 nude
547 3254 681 3319 ponam:
714 3236 751 3298 E.
778 3231 819 3298 G.
846 3239 864 3296 3
890 3229 997 3324 α’γέλη,
1028 3240 1163 3324 ποίμνηῐ

1 3359 2 3408 r
87 3342 130 3404 Ε.
156 3343 194 3406 G.
222 3346 240 3404 6
265 3339 371 3428 ἀγρός,
396 3339 530 3424 ἄρουρα,
556 3341 596 3410 Ε,
621 3343 661 3412 G.
686 3346 738 3424 20,
757 3345 797 3406 37
825 3337 986 3425 αἰπόλιον,
1010 3347 1164 3427 ποίμνιον

89 3448 157 3516 Αο.
187 3447 247 3513 Ox.
281 3449 310 3524 Ι,
337 3453 388 3529 26,
413 3452 452 3512 16
482 3447 536 3528 (of.
563 3447 628 3512 An.
656 3447 788 3531 0x‚11‚
815 3453 892 3531 332,
911 3453 963 3531 23,
997 3447 1100 3514 Amin
1125 3450 1160 3536 9)

89 3551 227 3632 αἰπόλος
258 3555 410 3644 ποιμήν);
454 3555 492 3620 Ε.
525 3552 565 3620 G.
603 3560 655 3638 31,
679 3559 721 3620 41
757 3551 940 3640 ἀλαλαγμός
973 3556 1161 3644 ὀλολυγμός,

88 3659 130 3726 Ε.
159 3661 201 3733 Gr.
225 3667 316 3745 46,3
350 3662 495 3748 ἄμπελος
527 3662 692 3750 όμπελώο,
726 3667 763 3728 Ε.
791 3659 833 3732 Gr.
857 3666 910 3744 49,
930 3668 970 3728 29
1000 3662 1164 3754 ἀμφισβή-

90 3790 183 3858 τησις
214 3769 345 3857 ri'yvoro3
379 3775 491 3853 54,13
516 3767 647 3853 eironeia
672 3766 781 3863 ῥόμη;
815 3773 866 3852 54,
892 3775 934 3834 34
958 3769 1164 3857 ἀνδράποδον

93 3874 361 3965 ἀνδραποδιστής,
389 3881 424 3942 Ε.
445 3875 486 3942 Gr.
507 3883 558 3960 58,
577 3882 621 3942 44
645 3875 772 3962 α’γοοοϊο
787 3878 913 3966 όνοεῐν,
934 3878 975 3948 Ε,
994 3875 1036 3949 G.
1053 3883 1106 3962 65,
1122 3883 1162 3944 35

94 3982 235 4075 ἁπλότης
265 3991 386 4072 μωρία,
418 3985 459 4053 Ε.
493 3981 534 4048 G.
569 3990 620 4066 66,
649 3989 688 4048 12
723 3983 889 4074 ἀποδημία
922 3986 1092 4074 ἕπιόημία;
1125 3988 1164 4058 Ε.

96 4089 139 4162 G,
173 4098 232 4176 68,
268 4098 308 4158 59
352 4087 569 4178 όπομόγματα
601 4087 859 4179 οἷπομόργματα;
900 4097 945 4164 E..
972 4089 1014 4164 G.
1047 4095 1164 4176 69,10
