2850 4854
490 441 709 502 „89-

59 614 278 684 Ptolemaeo?
302 617 342 688 E.
361 619 400 684 G.
419 621 493 700 500,
512 623 564 687 29.
603 615 732 697 Σικελὸς
755 619 948 692 Σικελιώτου
972 626 1127 714 διαφέρει·

63 727 189 794 Σικελοὶ
221 724 278 810 μέν
309 728 389 792 εἶσιν
408 729 456 792 ολ
484 722 520 792 ἐν
550 731 741 815 νῖνΣικελία
773 731 931 808 οἰκοῦντες
962 729 1131 821 βάρβαροι·

59 838 255 902 Σικελιῶται
298 831 333 900 δὲ
371 836 404 900 οἱ
443 827 497 912 εἶφ’
524 830 682 923 Ἑλλήνων
717 831 844 914 πόλεως
874 835 1130 923 μετοικήσαυτες.

59 943 173 1014 Amm,
202 965 234 1030 p.
262 948 324 1007 128
359 943 505 1008 dissimili
536 945 664 1012 ratione
687 942 822 1024 Σικελὸς
852 949 907 1015 καὶ
935 948 1132 1040 Σικελιώτης
1238 935 1240 944 ¹

61 1052 218 1139 διαφέρει.
264 1051 396 1128 Σικελὸς
418 1051 477 1136 μὲν
501 1051 559 1138 γάρ
584 1053 666 1121 ἔστιν
690 1054 705 1116 ὃ
729 1055 758 1126 ἒξ
782 1055 879 1134 αὐτῆς
902 1062 960 1144 τῆς
983 1061 1133 1136 Σικελίας

64 1158 116 1226 ῶν·
163 1156 356 1249 Σικελιώτης
385 1159 428 1243 δὲ,
463 1161 479 1223 ὁ
502 1159 634 1239 Σικελός
656 1161 717 1247 μὲν
738 1159 783 1248 μὴ
805 1161 859 1247 ῶν,
883 1163 943 1254 την
966 1163 1001 1232 δὲ
1022 1163 1131 1252 χώραν

61 1265 173 1359 ταύτην
208 1271 311 1338 οἰκῶν.
359 1266 418 1339 At,
442 1292 471 1340 v.
495 1273 545 1336 Pt.
570 1268 613 1334 A.
632 1268 659 1356 ᾗ
686 1274 753 1348 145Ι
771 1272 957 1341 Ἰταλιῶται
987 1270 1047 1356 μὲν
1078 1273 1127 1340 λέ-

63 1401 171 1458 γονται
186 1373 338 1465 Ἕλληνες
361 1383 391 1443 οἱ
413 1377 446 1438 ἓν
467 1386 504 1464 τῇ
525 1377 656 1466 Ἰταλίᾳ,
678 1380 802 1448 Ἰταλοὶ
826 1377 861 1446 δὲ
883 1375 1053 1467 βάρβαροι.
1077 1381 1132 1448 καὶ

64 1483 178 1568 ὁμοίως
200 1487 329 1552 Σικελοὶ
351 1484 410 1569 μὲν
433 1483 591 1572 βάρβαροι
615 1489 648 1552 οἱ
670 1483 703 1554 ἒν
726 1491 867 1574 Σικελίᾳ,
891 1491 1081 1554 Σικελιῶται
1097 1485 1134 1555 δὲ

9 1615 10 1620 ’
55 1587 203 1680 Ἕλληνες
228 1595 260 1659 oi
284 1591 319 1660 ἐν
341 1596 377 1682 τῇ
399 1597 539 1680 Σικελίᾳ.
565 1629 607 1689 7-
631 1593 672 1664 Ε.
689 1595 730 1665 G.
748 1598 822 1676 509,
841 1597 881 1658 53
906 1591 1057 1681 Σταφυλὴ
1077 1596 1135 1662 καὶ

65 1697 208 1786 σταφύλη
240 1698 394 1786 διαφέρει·
423 1697 459 1767 τώ
490 1699 549 1785 μὲν
583 1696 728 1788 ὀξύτατον
756 1699 809 1768 ἐπὶ
839 1705 896 1779 τῆς
928 1699 1132 1788 ὀπώρας·τό

64 1805 99 1872 δὲ
125 1804 305 1893 βαρύτονυν
337 1806 389 1874 εἰτὶ
418 1813 476 1895 τῆς
506 1813 705 1897 καθιεμένης
735 1813 919 1896 μολυβίδος,
948 1809 1037 1896 παρῶ
1062 1817 1134 1886 τοῖς

7 1917 9 1960 t
64 1907 264 1999 ἀρχιτέκτονι
286 1913 479 2000 τεθυμένοις.
528 1914 725 1982 Amm.124
749 1917 852 1984 multo
876 1916 982 2003 plura.
1021 1920 1073 1986 Pt,
1088 1913 1133 1988 Α.

7 2003 8 2024 ’
65 2019 83 2105 ξ
108 2023 169 2084 137
196 2019 337 2110 σταφυλὴ
362 2017 514 2101 ὀξυτόνως
536 2021 558 2111 η
581 2017 699 2107 ὀπώρα.
726 2022 868 2113 οταφύλη
894 2023 931 2092 δὲ
953 2022 1134 2111 βαρυτάτας

6 2159 8 2224 3
65 2166 103 2174 —
114 2130 227 2208 ἐπὶτῆς
241 2129 435 2220 καθιεμένης
444 2129 607 2218 μολύβδου
620 2128 708 2218 τιαροὶ
719 2141 785 2210 τοῖς
795 2129 1000 2216 ἀρχιτέκτονι
1008 2137 1134 2198 τίθεται

67 2235 214 2321 (Corrige
229 2237 270 2302 E.
289 2236 354 2324 G.).
380 2276 420 2284 -
445 2237 564 2321 Neque
586 2245 696 2306 tamen
713 2239 924 2323 Etymologus
948 2235 1034 2304 hune
1056 2239 1133 2304 Pto-

5 2391 7 2422 ,
64 2343 219 2410 lernaeum
258 2347 291 2410 in
329 2366 424 2410 usum
448 2345 606 2428 adhibuit,
648 2346 706 2411 sed
746 2347 926 2432 pleniorem
957 2345 1129 2429 quendam.

65 2450 102 2520 Ε.
125 2454 165 2522 G.
187 2457 261 2534 182,
278 2457 318 2516 31
335 2450 448 2529 Ἕλκος
472 2491 512 2498 -
539 2449 660 2537 astat,
684 2459 821 2541 τραῦμα,
845 2451 951 2543 πληγη
975 2457 1132 2540 διαφέρει·

69 2598 102 2604 -
126 2557 240 2634 etatae
255 2561 289 2628 ἐκ
304 2565 359 2627 τοῦ
385 2556 533 2644 σύνεγγυς
558 2558 691 2651 σιδήρου
714 2555 827 2653 πληγή.
851 2569 979 2648 τραῦμα
1000 2558 1035 2628 δι’
1054 2563 1134 2647 τρῶ-

69 2688 114 2744 σις
146 2664 264 2755 σαρκὸς
295 2663 360 2735 ώττὸ
393 2665 523 2754 σιδήρου
554 2663 724 2753 γενόμενον
757 2669 808 2756 ἐφ’
832 2659 949 2754 λιγείας
978 2662 1133 2751 σώματος,

68 2773 170 2864 πληγὴ
198 2774 234 2842 δὲ
263 2775 337 2850 ἧέκ
359 2771 464 2862 χειρὸς
492 2759 617 2864 πλῆξις.
663 2774 775 2848 Λαιαι.
799 2781 843 2840 40
872 2775 912 2841 de
942 2781 1069 2865 τραῦμα
1102 2782 1135 2842 et

69 2880 171 2974 πληγή
193 2888 290 2964 tacet,
316 2903 392 2965 ergo
413 2882 496 2948 haee
511 2883 725 2968 Etymologus
749 2884 857 2950 hausit
881 2906 920 2948 ex
934 2883 1021 2949 Ptol.
1038 2881 1130 2966 Asa,

71 2989 154 3071 apud
179 3011 274 3072 quem
299 2989 317 3076 ξ
343 2996 384 3055 80
408 2991 456 3054 ita
478 2990 597 3073 legitur
620 2991 711 3070 ἕλκος
746 3028 788 3072 -,-
819 2995 947 3076 τραῦμα
971 2991 1008 3060 δὲ
1032 2991 1051 3065 ἢ
1073 2989 1134 3059 tat

71 3093 198 3179 σιδήρου
228 3103 340 3183 τρῶσις
369 3103 530 3185 γινομένη,
563 3095 668 3188 πληγὴ
701 3099 737 3168 δὲ
767 3100 788 3189 η“
824 3099 856 3168 ἕκ
883 3097 989 3186 χειρός
1011 3103 1132 3187 πλῆξις.

68 3205 166 3274 Vides
190 3207 421 3290 Etymologum
441 3206 628 3274 Ptolemaeo
652 3206 748 3289 plura
771 3207 907 3290 habere,
933 3228 1010 3289 ergo
1034 3203 1134 3292 ploni-

68 3337 153 3380 orem
179 3317 246 3381 eius
272 3316 417 3381 libellum
440 3314 625 3378 versavisse.
682 3312 747 3379 Sed
771 3316 898 3380 etiamsi
921 3313 999 3380 mihi
1023 3335 1135 3383 conce·

68 3423 124 3506 dis,
155 3425 316 3510 pleniores
350 3427 508 3509 epitomas
532 3424 644 3488 Eranii
676 3431 708 3489 et
736 3424 915 3491 Ptolemaei
938 3422 1133 3507 Etymologo

68 3531 99 3594 in
121 3531 269 3597 manibus
293 3533 402 3616 fuisse,
427 3529 681 3618 haudquaquam
706 3536 818 3624 omnia
842 3529 1025 3617 quadrant3
1055 3529 1134 3594 satis

69 3639 172 3705 multa
196 3646 330 3723 restant,
367 3662 451 3724 quae
483 3645 515 3704 et
547 3641 621 3726 ipsa
649 3639 717 3703 sine
746 3637 845 3704 dubio
877 3637 1044 3704 doctrinae
1067 3637 1135 3702 He·

67 3748 241 3811 rennianae
271 3748 447 3814 tribuenda
479 3754 555 3814 sunt
584 3754 616 3812 et
646 3745 711 3811 alia
739 3746 954 3830 explicatione
977 3743 1134 3827 indigent.

68 3855 107 3928 Ε.
132 3861 267 3938 G.123,
295 3861 334 3921 10
360 3861 515 3941 γεννῆσαι,
538 3858 660 3922 τίκτειν.
706 3857 812 3923 Amm.
836 3859 934 3934 tacet,
960 3858 995 3918 at
1019 3851 1134 3921 Thom.

70 3963 125 4045 M„
160 3964 214 4046 qui
246 3985 356 4031 omnes
388 3963 456 4026 fere
480 3961 702 4030 distinctiones
727 3985 803 4028 suas
829 3960 1003 4029 Ammonio
1028 3958 1134 4039 debet,

71 4091 100 4154 p.
125 4075 259 4154 358,15
285 4069 400 4136 eadem
424 4069 532 4150 habet,
564 4089 648 4154 quae
672 4068 897 4153 Etymologus
933 4067 1136 4151 schedaeque

959 4192 975 4244 9
