2856 4850
730 470 950 531 ψη...

311 645 353 711 ad
377 644 518 712 Oornelii
542 645 684 729 Nepotis
707 645 873 712 Datamen
898 669 924 718 c.
950 647 1049 718 VIII.
1098 645 1221 715 Verum
1243 643 1383 709 tandem

310 755 455 838 opusculi
479 753 652 836 conscripti
674 753 804 819 laudem
828 753 1003 820 Ammonio
1027 776 1109 838 pene
1132 753 1265 818 dubiam
1298 751 1383 816 fece-

305 868 401 944 runt,
427 861 481 948 qui
500 841 545 926 ‘de
560 862 727 926 Herennio
744 861 882 926 Philone
899 862 1053 945 cogitant.
1099 861 1193 925 Haec
1217 858 1384 924 sententia

309 971 453 1036 veritatis
478 969 684 1035 similitudine
708 969 971 1034 commendabilis
995 990 1187 1052 magnorum
1209 967 1382 1031 nominum

310 1078 504 1142 auctoritate
519 1077 642 1148 nititur,
688 1077 812 1142 Paulus
828 1076 1040 1161 Leopardus,
1066 1075 1154 1162 quod
1171 1074 1304 1160 quidem
1323 1093 1382 1154 ego

309 1185 470 1266 noverim,
500 1185 620 1268 primus
653 1185 686 1248 in
717 1185 807 1250 libris
831 1184 1108 1250 Emendationum
1140 1183 1278 1263 monuit,
1308 1201 1383 1244 auc·
1417 1240 1418 1284 ,

308 1297 413 1356 torem
431 1290 531 1355 libelli
548 1290 587 1355 de
603 1291 774 1356 verborum
790 1292 989 1357 Differentiis
1006 1313 1026 1355 a
1043 1289 1235 1376 quibusdam
1251 1289 1383 1354 Hereu-
1417 1291 1418 1372 ζ

302 1399 396 1464 nium
413 1398 584 1463 Philonem
601 1399 718 1481 vocari,
744 1400 843 1464 veluti
863 1399 938 1464 libri
957 1399 976 1464 I
997 1420 1023 1468 c.
1041 1403 1094 1468 24.
1110 1398 1175 1479 IX,
1196 1402 1246 1462 19.
1280 1396 1331 1476 X,
1352 1402 1381 1464 6.
1417 1401 1418 1460 Q

310 1506 414 1588 XIII,
427 1511 477 1576 14.
514 1506 643 1570 Horum
661 1506 844 1590 opinionem
861 1508 939 1572 satis
955 1506 1083 1570 sortiter
1099 1511 1209 1569 tuetur
1230 1502 1380 1585 Leopar·

305 1612 369 1677 dus
385 1613 459 1678 libri
474 1613 530 1678 XI
540 1615 644 1696 capite
664 1619 703 1678 15
717 1615 773 1679 ubi
786 1615 833 1679 ita
849 1613 973 1678 scribit:
994 1662 1009 1694 „
1017 1612 1148 1693 „Bonus
1157 1611 1316 1694 imprimis
1334 1617 1382 1674 est

311 1720 429 1785 author
445 1721 628 1785 Herennius
644 1721 751 1803 Philo,
770 1743 864 1808 quem
880 1721 992 1803 vulgus
1001 1719 1211 1784 Ammonium
1225 1720 1378 1787 vocat.““

310 1826 373 1910 Qui
396 1827 481 1892 hanc
504 1849 572 1892 rem
596 1835 752 1914 tanquam
777 1829 980 1912 exploratam
1004 1828 1072 1891 sine
1095 1826 1298 1890 dubitatione
1323 1848 1380 1908 po·

309 1936 426 2016 suerit,
453 1936 613 2000 neminem
636 1937 712 2000 novi
736 1942 867 2020 praeter
890 1936 1095 2018 Menagium,
1123 1934 1212 1998 euius
1245 1939 1379 1996 senten-

302 2043 389 2107 tiam
415 2050 665 2108 commemorant
687 2044 822 2127 Baylius
854 2045 887 2108 in
909 2042 1050 2124 Lexico,
1084 2049 1116 2107 et
1138 2042 1312 2106 Fabricius
1348 2043 1380 2104 in

308 2147 504 2213 bibliotheca
519 2147 658 2216 Graeca.
699 2151 830 2235 Reliqui
847 2153 939 2233 enim,
965 2151 1020 2236 qui
1044 2150 1084 2214 ab
1109 2149 1276 2216 Herennio
1301 2149 1379 2213 Phi-

305 2253 382 2322 lone
414 2277 479 2321 non
509 2256 605 2340 plane
633 2257 890 2341 abhorruerunt,
915 2281 984 2324 rem
1016 2258 1204 2322 dubitanter
1236 2258 1379 2340 positam

308 2365 377 2430 fere
401 2366 434 2428 in
457 2363 564 2430 medio
589 2365 804 2452 relinquunt.“

377 2470 491 2541 Valck.
510 2470 595 2537 hunc
611 2473 812 2538 Herennium
827 2473 997 2539 Philonem
1021 2472 1113 2538 furca
1137 2473 1196 2537 sibi
1213 2473 1376 2556 expulisse

307 2579 393 2644 visus
418 2584 484 2660 est,
510 2578 567 2642 sed
590 2580 706 2644 iterum
731 2602 864 2664 causae,
891 2603 971 2668 quas
999 2581 1140 2665 profert,
1174 2581 1267 2644 nimis
1302 2587 1378 2644 sunt
1418 2571 1419 2660 l

313 2695 435 2753 tenues.
482 2687 606 2769 Doleo,
640 2687 680 2751 de
712 2689 750 2752 iis
782 2689 1017 2773 disputantem,
1043 2711 1093 2754 me
1123 2689 1228 2753 denuo
1261 2687 1378 2752 lectori
1418 2681 1419 2718 ³

306 2794 483 2860 admodum
512 2795 682 2860 molestum
713 2795 783 2861 fore
815 2799 914 2862 nimia
945 2796 1128 2878 tardidate,
1164 2796 1221 2860 sed
1252 2795 1293 2860 de
1326 2817 1375 2876 eo,

307 2903 362 2989 qui
385 2901 542 2986 primitias
567 2902 646 2968 artis
670 2903 801 2968 criticae
817 2903 953 2968 daturus
978 2911 1044 2986 est,
1063 2903 1175 2968 melius
1200 2924 1233 2966 se
1254 2901 1377 2966 habere

307 3017 404 3094 puto,
429 3010 457 3074 si
479 3011 591 3075 timide
616 3018 647 3076 et
671 3018 783 3094 caute,
813 3033 909 3097 quam
942 3012 968 3076 si
1001 3011 1157 3076 audacter
1188 3017 1220 3075 et
1251 3017 1376 3075 temere

305 3116 522 3199 progreditur.
569 3118 738 3184 Patienter
761 3120 860 3202 igitur
884 3117 960 3183 audi
984 3118 1253 3186 Valckenaerium
1277 3139 1376 3201 agen·

306 3230 373 3290 tem
396 3246 510 3311 meque
535 3226 563 3290 ei
587 3225 825 3312 obloquentem,

311 3385 313 3388 -
373 3331 488 3402 Valck.
535 3329 643 3404 Praei.
682 3356 713 3417 p.
747 3333 861 3399 XXII
900 3355 969 3421 sqq.
1014 3331 1178 3417 ,Primum
1219 3338 1376 3416 tanquam

307 3437 406 3504 dubio
430 3459 565 3504 vacuum
589 3461 685 3523 pono,
711 3441 847 3506 eundem
878 3441 964 3506 hune
996 3441 1076 3528 (scil.
1101 3438 1372 3524 Ammonianum)

306 3543 448 3611 libellum
480 3547 657 3611 versavisse
681 3547 908 3630 Eustathium‚
935 3555 967 3613 et
995 3548 1138 3613 indidem
1168 3547 1309 3630 plurima
1342 3549 1375 3611 in

306 3652 563 3720 Commentarios
589 3654 631 3719 ad
647 3657 828 3721 Homerum
843 3655 1015 3722 rettulisse.
1063 3655 1264 3738 Verborum,
1291 3675 1373 3741 quae

305 3760 423 3844 tradit,
449 3761 634 3828 discrimina
656 3764 705 3828 ita
727 3764 916 3849 plerumque
948 3764 1118 3846 proponit,
1153 3769 1189 3827 ut
1222 3764 1300 3828 satis
1329 3765 1374 3828 in-

307 3868 409 3951 dicet,
435 3869 475 3936 ab
500 3869 571 3936 aliis
595 3870 694 3936 fuisse
718 3871 906 3953 observata,
936 3871 986 3935 his
1018 3870 1060 3934 ad
1092 3892 1163 3935 eam
1194 3891 1263 3936 rem
1294 3895 1370 3936 usus

305 3975 458 4061 loquendi
482 3977 646 4042 formulis:
694 3977 781 4045 Κατὰ
805 3977 859 4047 τὸν
883 3979 1035 4061 παλαιόν,
1082 3983 1258 4064 Διαφέρευυ
1282 3986 1370 4066 φασί.

308 4087 413 4153 narb
437 4089 470 4152 οἱ
490 4091 635 4156 παλαιοί.
682 4091 883 4172 Διαφέρουσι
905 4080 983 4153 aurci
1007 4087 1081 4160 τοὺς
1096 4085 1280 4160 παλαιούςιι
