2856 4850
187 1411 239 1480 Π.
278 1412 330 1479 lle
354 1411 558 1495 Ammonio,
582 1409 789 1494 Eustathlo,
812 1409 1013 1479 Herennio.

325 1553 415 1624 (Eust.
436 1555 539 1608 citatur
559 1553 710 1607 secundum
731 1553 765 1606 ed
784 1551 876 1624 Rom.)

132 1683 247 1747 Primo
281 1682 378 1765 capiti
404 1681 444 1759 id
479 1687 549 1744 erat
578 1680 794 1764 propositum,
819 1686 856 1745 ut
878 1679 1004 1762 librum,
1040 1701 1135 1765 quem

64 1791 202 1857 Valck.
236 1789 295 1854 sub
319 1787 484 1853 Ammonii
508 1789 637 1852 nomine
652 1795 653 1799 ’
667 1787 787 1870 publici
810 1787 888 1850 iuris
913 1787 1006 1870 fecit,
1039 1788 1136 1852 variis

65 1897 303 1964 mutationibus
326 1895 507 1978 profectum
532 1917 600 1960 esse
624 1893 691 1958 iere
715 1900 819 1959 totum
844 1895 884 1959 ab
907 1916 1004 1978 opere
1021 1896 1136 1960 aetatis

64 2005 262 2070 Herodiano
293 2003 523 2086 antecedentis,
562 2004 765 2086 probaretur.
812 2003 982 2068 Reiectum
1011 2009 1060 2068 est
1090 2004 1137 2068 iu·

65 2114 188 2178 dicium
214 2113 253 2176 de
277 2113 465 2195 posterioris
491 2112 605 2175 aetatis
631 2116 763 2174 auctore
788 2111 1006 2193 cogitantium,
1033 2110 1137 2196 quisi

63 2222 254 2304 fingeretur,
288 2226 429 2284 restaret
452 2220 609 2304 quaestio,
639 2239 814 2302 ,quemnam
845 2217 1138 2283 anteherodiancae

65 2327 189 2392 aetat-is
207 2328 396 2408 scriptorem
412 2327 439 2389 is
457 2326 653 2408 expilaverit.
701 2324 852 2409 Apparet
868 2325 1138 2394 unamValcke-

63 2435 207 2500 naerii
232 2436 424 2499 sententiam
449 2433 491 2498 ad
513 2434 603 2496 illum
627 2455 739 2497 verum
762 2435 1001 2518 genuinumque
1025 2439 1135 2497 aucto·

64 2566 134 2609 rem
171 2542 368 2607 collectionis
400 2548 531 2606 nostrae
559 2541 730 2624 pertinere,
784 2538 871 2617 Quid
895 2541 1032 2609 Valck.
1057 2539 1138 2604 Am-

64 2651 178 2716 monio
210 2651 421 2732 praestiterit,
458 2649 579 2732 passim
615 2649 744 2712 summis
775 2647 925 2714 laudibus
961 2647 1136 2728 extollitur,

64 2779 173 2844 neque
206 2759 375 2837 immerito,
410 2757 436 2820 si
466 2761 630 2838 spectatur
662 2755 704 2820 ad
728 2755 966 2820 multitudinem
990 2755 1137 2820 locorum
1220 2756 1222 2764 ’

65 2867 97 2928 in
114 2865 296 2928 Ammonio
317 2863 453 2928 feliciter
470 2863 722 2944 emendatorum,
749 2865 775 2927 si
796 2869 962 2946 spectatur
979 2863 1021 2927 ad
1045 2863 1138 2926 facile

65 2981 169 3058 atque
201 2972 339 3054 elegans,
375 2971 461 3056 quod
493 2971 611 3056 ubique
643 2970 762 3054 prodit,
794 2971 969 3054 ingenium.
1016 2968 1082 3036 Sed
1105 2970 1138 3034 in

66 3081 124 3162 eis,
153 3100 235 3163 quae
260 3077 300 3143 de
324 3085 456 3143 auctore
480 3079 550 3142 libri
577 3079 625 3142 sui
650 3077 839 3160 disputavit,
865 3079 983 3161 partim
1007 3077 1139 3142 fortuna

65 3191 94 3252 ei
121 3187 325 3268 adversante,
350 3187 470 3270 partim
493 3187 627 3269 propria
651 3187 746 3270 culpa
768 3187 884 3250 misero
903 3207 1012 3251 errore
1028 3187 1138 3268 lapsus

65 3305 127 3365 est.
176 3295 293 3358 Mirari
315 3294 404 3376 licet,
439 3315 535 3379 quam
570 3293 696 3358 infirmo
729 3293 938 3358 fundamento
970 3293 1139 3361 Valcke-

64 3405 214 3470 naerii
245 3403 406 3468 sententia
437 3403 569 3466 nitatur.
619 3400 854 3468 Gravissimum
886 3423 924 3466 ac
947 3401 1015 3466 fere
1039 3423 1138 3464 unum

66 3518 307 3594 argumentum,
333 3509 420 3596 quod
444 3531 517 3574 eum
533 3509 668 3592 impulit,
693 3516 729 3574 ut
744 3507 954 3574 Ammonium
971 3515 1137 3574 auctorem

65 3621 146 3688 libri
162 3641 182 3684 a
198 3641 232 3684 se
249 3619 365 3682 edendi
381 3617 525 3699 haberet,
542 3617 618 3682 inde
636 3618 771 3700 petitum
793 3623 851 3698 est,
876 3613 998 3696 (Praei.
1016 3613 1138 3700 XXV)

67 3727 160 3812 quod
189 3726 447 3812 ,antiquissimus
464 3724 693 3806 Aristophanis
711 3723 886 3788 scholiasta
909 3745 947 3787 ex
970 3727 1080 3787 nostro
1103 3723 1140 3787 li-

66 3834 157 3898 bello
181 3855 279 3898 unam
303 3833 559 3897 observationem
583 3832 702 3914 tetigit,
736 3830 942 3917 eiusdemque
974 3837 1139 3895 auctorem

67 3949 168 4008 vocat
203 3940 407 4006 Ammonium
446 3939 487 4003 ad
518 3940 642 4004 Eccles.
675 3965 703 4006 v.
730 3941 826 4004 tow
879 3937 1086 4024 (Duebnerus
1110 3961 1139 4010 v.

69 4049 163 4138 611,)
203 4048 269 4114 Sed
284 4048 399 4117 Valck.
426 4047 598 4113 carbonem
621 4069 680 4130 pro
705 4047 858 4114 thesauro
883 4047 1011 4112 invenit.
1052 4047 1139 4114 Nam
