2850 4854
732 401 953 460 „90-

303 561 473 628 Parisinae
498 587 537 630 ex
558 567 726 639 Ammonii
750 574 843 642 simili
865 576 948 642 libro
978 577 1148 661 sublectae,
1183 579 1222 644 de
1249 581 1373 668 quibus

304 675 412 735 aetum
443 680 493 742 est
527 697 555 746 o.
583 677 675 761 VIL,
714 679 951 750 distinctionem
991 707 1104 752 voonm
1146 694 1297 771 γεννῆσαι
1340 696 1375 752 et

301 791 405 846 τεκεῖν
428 781 574 849 tradunt
614 784 697 851 Cum
721 788 838 860 Thom.
861 791 908 857 M.
933 801 1007 876 post
1030 802 1176 860 auctores
1198 797 1373 880 Etymolo-

301 886 363 968 gioi
378 889 502 973 vixerit,
520 896 683 979 quomodo
700 897 735 962 id
752 899 925 986 expedies?
952 901 1065 989 Atque
1081 903 1167 968 aliud
1184 906 1373 988 exemplum

300 995 485 1076 proferam:
516 1004 556 1072 E.
588 1005 628 1074 G.
654 1009 728 1088 145,
747 1013 788 1072 61
822 1009 973 1098 Διήγημα
1006 1010 1177 1100 διηγήσεως
1207 1018 1371 1101 διαφέρει·

300 1100 443 1192 διήγησις
472 1108 533 1192 μὲν
563 1111 623 1196 γάρ
645 1111 741 1198 ἐστιν,
775 1111 841 1182 οἷον
872 1115 893 1190 r‘,
922 1125 1009 1185 πᾶσα
1041 1117 1184 1208 διήγησις
1212 1118 1370 1211 Ὁμήρου.

299 1207 439 1299 διήγημα
472 1215 509 1283 δὲ
538 1224 637 1304 μέρος
668 1246 699 1288 τι
727 1219 894 1310 ποιήσεως,
928 1220 998 1294 οἷον
1019 1229 1150 1304 Αἴαντος
1180 1235 1371 1313 μονομαχία

298 1315 380 1403 πρὸς
398 1317 540 1406 Ἕκτορα.
581 1325 695 1394 Amm.
720 1334 764 1394 43
786 1331 941 1419 Διήγησις
962 1336 1014 1400 καὶ
1035 1332 1181 1422 Διήγημα
1204 1339 1368 1422 διαφέρει.

297 1421 452 1513 Aoiypocg
484 1428 544 1514 μὲν
575 1430 635 1520 γὰρ
667 1442 794 1526 ποίησίς
816 1434 903 1506 ε’σιιν
935 1440 953 1530 ἡ
989 1433 1025 1508 ἔν
1054 1439 1146 1524 μήκει
1175 1440 1210 1510 ιδ
1239 1447 1370 1510 τέλειον

299 1528 425 1612 ἔχουσα·
449 1531 599 1626 Διήγημα
630 1542 662 1601 δὲ
691 1546 749 1611 καὶ
771 1551 897 1636 ποίημα
920 1547 960 1616 τὸ
982 1549 1184 1635 βραχύτερον.
1231 1553 1366 1634 Etyma·

295 1636 407 1720 logum
429 1642 526 1727 plura
541 1651 719 1714 Ammonio
743 1651 893 1718 exhibere
913 1653 1017 1738 vides,
1043 1655 1126 1720 unde
1150 1677 1209 1721 sua
1231 1655 1368 1724 hausit?

295 1747 349 1810 An
371 1747 440 1831 ipse
464 1753 625 1834 quaedam
648 1756 798 1823 addidit?
836 1761 878 1826 In
901 1761 999 1827 dubio
1023 1762 1192 1828 haerentes
1208 1766 1365 1832 certiores

295 1851 374 1918 facit
405 1861 458 1929 Pt.
481 1858 525 1924 A.
551 1861 570 1947 ξ
598 1868 671 1946 121,
704 1867 861 1950 imprimis
892 1878 1003 1937 autem
1035 1871 1149 1942 Thom.
1180 1872 1226 1936 Μ.
1253 1878 1307 1954 96,
1336 1879 1364 1944 8.

294 1961 448 2052 Διήγησις
473 1963 546 2036 ὅλον
568 1970 604 2038 ιδ
625 1973 823 2062 σύγγραμμα,
848 1975 982 2066 ἤγοαοὴ
1001 1977 1100 2058 Ἰλιὰς
1115 1976 1138 2066 ἢ
1152 1981 1172 2068 ἡ
1188 1977 1363 2064 heterna,

294 2067 435 2161 διήγημα
459 2076 493 2142 δὲ
515 2075 612 2165 μέρος
634 2108 678 2164 τι,
703 2077 771 2150 οἷον
795 2082 814 2157 ἡ
834 2091 890 2152 τοῦ
905 2083 1052 2173 Ἕκτορος
1074 2091 1130 2155 καὶ
1153 2091 1281 2166 Αἴαντος
1304 2115 1364 2173 μο-

295 2183 443 2261 ναμαχία·
469 2177 580 2272 ὥσπερ
602 2189 659 2254 καὶ
681 2195 811 2278 ποίησις
833 2195 886 2259 καὶ
910 2200 1039 2286 ποίημα·
1070 2203 1292 2283 παραχρῶνται
1330 2197 1367 2262 δέ

292 2309 386 2363 τινες.
441 2289 518 2355 Ηοο
548 2291 692 2362 Thomas
723 2318 763 2365 ex
795 2299 964 2366 Ammonii
997 2303 1154 2368 simillimo
1185 2303 1266 2371 libro
1302 2303 1362 2368 sibi

293 2397 482 2480 assumpsit:
505 2420 613 2466 nonne
634 2402 713 2468 item
735 2405 979 2491 Etymologus?
1030 2409 1095 2476 Sed
1118 2412 1182 2474 iam
1205 2409 1361 2475 audacius

292 2503 496 2583 progrediar.
541 2507 616 2572 Iam
645 2511 731 2575 enim
754 2514 863 2599 ipsum
887 2515 1007 2582 librum
1031 2516 1291 2586 Ammonianum
1314 2519 1361 2582 in·

291 2606 421 2692 vadam,
456 2619 489 2676 et
517 2616 749 2700 Etymologum
782 2623 880 2686 etiam
912 2623 998 2689 huno
1028 2624 1146 2690 librum
1178 2626 1358 2711 pleniorem
1417 2611 1418 2706 λ

291 2711 407 2796 legisse
430 2723 629 2801 argumentis
653 2724 801 2796 firmabo.
851 2730 892 2795 E.
919 2735 958 2798 G.
985 2738 1058 2814 381,
1084 2738 1125 2797 22
1149 2730 1282 2810 Moeri-c
1305 2735 1360 2800 καὶ

290 2817 389 2902 prdie
404 2827 562 2912 διαφέρει,
585 2829 702 2913 μαστὸς
724 2836 782 2919 μὲν
803 2833 864 2926 γάρ
886 2838 972 2906 ἔστιν
995 2840 1013 2902 ὁ
1034 2852 1219 2920 γυναικεῖος·
1242 2846 1359 2928 κυρίως

291 2925 338 3009 δι’,
370 2929 422 2996 διδ
446 2929 485 2999 τό
508 2924 593 3002 εἶναι
622 2938 738 3022 μεστὸς
768 2943 936 3026 γάλακτος·
963 2946 1067 3030 paces
1094 2947 1131 3016 δὲ
1159 2949 1176 3016 ὁ
1200 2944 1357 3031 ἀνδρεῖος,

291 3032 606 3130 &exstirpatoris
630 3049 733 3136 δηλοῖ·
764 3049 878 3137 νεαρὸν
907 3053 968 3139 μὲν
994 3056 1084 3143 μαζῷ
1105 3060 1254 3140 πέλασεν,
1274 3053 1356 3144 τόξῳ
1417 3067 1418 3122 l

292 3140 323 3198 δὲ
348 3147 477 3232 didono·
497 3149 580 3228 τινὲς
598 3151 632 3220 δὲ
647 3153 833 3244 ἀδιαφόρως
847 3168 986 3248 χρῶνται
999 3173 1068 3242 ταῖς
1083 3169 1198 3252 λέξεσι.
1238 3162 1356 3229 Cetera

289 3248 394 3314 Amm.
421 3256 461 3315 91
485 3254 702 3344 inveniuntur,
727 3287 792 3329 non
814 3268 975 3333 invenitur
996 3270 1077 3335 illud
1101 3271 1183 3348 τινὲς
1206 3271 1242 3340 δὲ
1262 3271 1353 3340 lidia·
1417 3295 1418 3362 γ

290 3352 398 3441 sedetve
429 3365 566 3445 χρῶνται
595 3377 668 3444 ταῖς
696 3369 807 3458 λέξεσι.
862 3373 982 3459 Neque
1005 3384 1116 3442 tamen
1138 3378 1352 3462 Etymologus
1417 3379 1418 3460 l

288 3457 350 3525 hoo
373 3463 511 3550 addidit,
536 3471 586 3535 vel
610 3473 742 3542 aliunde
773 3485 956 3569 assumpsit,
990 3483 1048 3549 sed
1080 3493 1167 3551 certe
1196 3488 1352 3570 epitomae

288 3573 514 3654 synonymiae
529 3574 699 3646 Ammonii
716 3584 904 3671 simillimae,
926 3597 961 3655 at
976 3591 1122 3676 pleniori,
1147 3593 1251 3676 debet,
1275 3615 1351 3661 nam
1417 3625 1418 3668 ι

286 3669 397 3748 Amm.
422 3683 462 3745 21
489 3681 710 3776 ἀπελεύθερος
732 3692 780 3758 ita
802 3696 901 3761 verba
929 3698 1025 3764 facit:
1058 3698 1121 3789 ἤδη
1155 3707 1268 3786 μέντοι
1296 3702 1350 3769 καὶ

285 3773 472 3871 ἀδιαφόρως
493 3797 633 3877 χρῶνται
656 3808 726 3874 τοῖς
746 3799 912 3887 νοήμασιν.
952 3806 1043 3889 Ergo
1061 3809 1254 3891 epitomator
1268 3808 1348 3874 Am-

285 3888 456 3957 monianus
481 3897 540 3962 sub
564 3922 643 3967 voee
665 3903 782 3987 μαστός
805 3929 877 3974 eam
900 3911 1080 3980 clausulam
1105 3923 1141 3980 ut
1158 3916 1346 4000 superfluam
1417 3951 1418 3986 ι

285 3993 400 4067 omisit.
446 3999 486 4072 n.
510 4006 549 4069 α.
575 4012 649 4092 255,
674 4015 715 4074 ιι
743 4011 872 4102 οᾰρσρς
898 4022 950 4087 κα
981 4021 1105 4110 ορισος
1133 4030 1281 4113 διαφέρει
1306 4022 1346 4100 σς
