2850 4854
729 447 946 508 -104-

298 622 465 706 Similiter,
500 628 537 688 ut
560 621 673 704 video,
698 621 853 704 EraniuS,
879 643 974 710 quem
998 622 1049 690 Tu
1065 621 1243 693 Ammonio
1268 626 1379 692 comi-

297 737 364 798 tem
389 730 517 795 dedisti.
552 770 591 777 —
625 731 666 794 In
689 731 827 818 ὑποψία,
862 731 937 803 δόξα
966 733 1020 798 καὶ
1043 731 1104 810 ἐπὶ,
1139 731 1223 796 maie
1254 737 1377 798 autem

297 844 358 906 τῶν
380 846 494 924 χειρῶν
516 859 576 921 pro
599 835 635 905 τδ
658 851 778 925 χεῖρον·
802 838 835 901 in
858 839 959 924 priori
983 846 1076 925 parte
1101 861 1175 904 cum
1197 839 1375 905 Herennio
1419 888 1420 908 ι

298 946 459 1012 convenit.
491 984 533 992 —
565 968 597 1030 p.
625 951 675 1016 13.
727 945 812 1012 Sunt
833 947 867 1010 in
892 945 980 1017 Trai,
1011 947 1107 1032 plura
1130 946 1373 1028 additamenta,

298 1061 330 1119 et
346 1053 509 1139 quaedam
526 1075 590 1117 non
606 1052 860 1135 contemnenda,·
876 1053 949 1118 loca
965 1053 1074 1135 etiam,
1099 1061 1137 1118 ut
1151 1055 1214 1118 hoe
1230 1053 1372 1136 addam,

298 1162 464 1243 nonnulla,
496 1161 551 1226 ubi
575 1163 685 1247 paullo
709 1162 844 1248 pleniuS,
878 1161 976 1244 paulo
1000 1161 1164 1228 interdum
1197 1170 1228 1226 et
1261 1161 1373 1244 aliter,
1420 1194 1421 1250 3

299 1291 397 1356 quam
418 1267 622 1338 Ammonius,
669 1269 724 1334 Ita
746 1293 775 1340 v.
800 1266 978 1353 ἐίγροικος,
1002 1266 1170 1357 ἱδγροικος
1192 1269 1249 1355 μὲν
1272 1279 1373 1357 βαρν·
1420 1259 1421 1264 ¹

297 1374 404 1458 τόνος,
428 1376 543 1459 inquit,
569 1374 728 1464 ὁδίμερος,
754 1379 829 1455 ἴσως
845 1377 862 1439 ὃ
879 1375 999 1465 ἄγριος·
1024 1377 1174 1464 ἀγροῖκος
1195 1377 1210 1439 ὃ
1234 1368 1373 1462 α’μαίλῆς

297 1486 351 1551 καὶ
375 1480 578 1562 ἀπαίδευτος·
604 1483 752 1570 ἄγροικος
776 1485 793 1552 ὁ
819 1484 851 1551 ἓν
875 1487 962 1573 α’γρηῖ
987 1483 1203 1570 διαιτώμενος.
1262 1483 1370 1570 (ΙΠοδ
1421 1503 1422 1576 j

296 1587 429 1678 ἥμενος,
451 1594 527 1670 ἴσως
551 1593 567 1654 ὁ
590 1591 700 1678 ἄγριος
723 1615 751 1661 v.
776 1595 874 1662 man.
898 1591 1057 1671 Ph.156;
1081 1591 1134 1656 Ρι.
1152 1590 1196 1662 Α,
1213 1591 1236 1676 ς
1254 1589 1296 1674 7).
1325 1629 1369 1636 -

298 1699 337 1764 In
367 1699 554 1768 Ἁλίπααιον
586 1723 646 1786 pro
672 1699 713 1779 ὥς
748 1726 844 1768 τινοιν
868 1706 1041 1786 φθονερῶν
1071 1705 1161 1768 τοῦτο
1192 1697 1370 1767 ποιούντων

298 1804 380 1872 haec
403 1806 517 1879 habet:
544 1814 604 1875 τῶν
628 1807 662 1876 δὲ
686 1809 827 1893 α’ρχαίοιν
849 1815 944 1875 τινῶν
967 1804 1138 1894 βαρβάρων
1158 1808 1370 1891 διακειμένων
1422 1813 1423 1856 i

298 1905 379 1997 πρδς
410 1911 484 1993 τοὺς
499 1913 667 2006 Ἓλληνας,
696 1913 751 1992 τοὶς
782 1911 889 1997 χώρας
922 1912 1022 1982 αὐτῶν
1053 1915 1127 1982 ἁλσὶ
1157 1919 1368 2001 κατέσπειραν

299 2024 345 2098 εἷς
367 2020 402 2090 τό
425 2022 533 2108 μηκέτι
558 2019 719 2089 δύνασθαι
743 2021 852 2107 φέρειν
871 2019 1023 2109 καρπούς.
1063 2020 1164 2088 Vides
1185 2020 1272 2086 idem
1290 2042 1366 2103 pro·

299 2129 484 2214 pemodum,
511 2151 548 2193 ac
572 2128 659 2214 quod
682 2129 826 2194 Eranius
849 2129 960 2196 habet.
997 2167 1036 2176 --
1071 2129 1112 2193 In
1130 2121 1367 2216 Ἀποκήρνχτος

297 2243 373 2321 post
404 2238 505 2303 verba
535 2238 700 2325 ἐκποίητος
734 2236 769 2305 δὲ
800 2237 953 2315 δδοθεὶς
977 2239 1087 2324 ἑτέρῳ,
1127 2233 1224 2313 οὕτως
1246 2231 1366 2318 Ἐρατο-

299 2351 427 2435 σθένης.
468 2345 520 2432 (cf.
538 2345 618 2415 Lex.
636 2345 719 2417 rhet.
737 2345 827 2430 apud
850 2345 954 2416 Bekk.
981 2349 1040 2412 An.
1060 2339 1119 2410 Gr.
1138 2346 1212 2424 215,
1232 2341 1297 2427 19).
1323 2379 1364 2386 -

296 2451 337 2516 In
361 2449 513 2541 νίποφορδ
535 2455 588 2522 καὶ
611 2448 767 2540 εἶσφοριίε
790 2452 823 2521 τὸ
847 2452 883 2522 δὲ
906 2449 970 2520 dmi
985 2455 1046 2521 τῶν
1063 2455 1204 2520 πολιτῶν
1225 2454 1364 2538 δημοσίᾳ

297 2557 467 2645 διδόμενον
483 2561 680 2646 ἀποτέλεσμα
698 2563 755 2630 καὶ
771 2557 912 2647 ιίοφορό.
951 2561 1049 2628 Eran.
1065 2561 1168 2633 τέλος.
1194 2597 1233 2605 -
1259 2578 1290 2640 P·
1311 2560 1362 2622 14.

295 2667 336 2731 In
359 2664 561 2756 Ᾰσφόδελος,
591 2666 777 2756 α’σφδδελον
807 2670 862 2736 καὶ
893 2667 1074 2754 δοφοδιλδν
1108 2670 1254 2751 διαφέροι
1281 2661 1365 2749 παρὰ

295 2787 361 2853 τοῖς
383 2778 544 2853 Ἀττικοῖς·
578 2770 754 2864 ἀσφόδελον
781 2775 841 2861 μὲν
873 2771 936 2861 γὰρ
959 2768 1136 2860 βαροτδνας
1159 2776 1307 2862 σημαίνει
1329 2767 1363 2838 τὰ

296 2880 395 2970 φατὸν
426 2880 514 2970 παρὰ
551 2894 616 2962 τοῖς
648 2888 808 2962 παλαιοῖς·
842 2878 1021 2971 οἷσφοδελδν
1061 2881 1097 2950 δὲ
1125 2875 1282 2970 ὀξυτόνως
1310 2876 1364 2945 τὸν

294 2986 402 3074 τόπον,
436 2991 470 3059 ἐν
501 2983 526 3080 ᾧ
559 2987 731 3078 οἷσφδδελοι
762 2996 912 3075 γίνονται.
969 2990 1052 3058 conf.
1077 2989 1121 3058 id.
1146 2989 1296 3056 Firmius,
1321 3025 1363 3032 -

295 3097 336 3162 In
353 3095 486 3184 Ἅοτρον,
520 3097 637 3185 ἄστρον
663 3097 723 3182 μὲν
751 3095 808 3185 γάρ
839 3099 921 3166 ἔστιν
949 3096 1023 3167 ὅλον
1050 3093 1084 3164 τὸ
1113 3092 1240 3179 ζαίδιον,
1269 3094 1306 3162 τὸ
1333 3095 1364 3162 ἐκ

296 3208 425 3273 πολλῶν
456 3200 595 3292 οίστίρων
618 3202 820 3295 συνεστηκὸς,
850 3199 919 3273 οἷον
942 3203 1062 3291 ἄρκτος·
1096 3199 1194 3293 α’στηρ
1225 3200 1262 3270 δὲ
1292 3201 1362 3268 ἕκα-

297 3331 369 3390 στος
392 3317 452 3379 τῶν
477 3312 510 3380 ἐν
540 3317 583 3400 τῷ
615 3313 715 3402 ζωδίῳ
738 3307 951 3400 ὑπαρχόντων,
985 3312 1027 3390 ὡς
1051 3309 1125 3380 ὅταν
1149 3316 1288 3396 λέγωμεν
1309 3310 1363 3396 τὴν

296 3419 413 3506 ἄρκτον
442 3419 475 3508 ἐξ
507 3414 645 3502 α’στὲροιν
675 3427 883 3510 συγκειμένην
915 3419 970 3506 (cf.
994 3419 1089 3490 Eust,
1114 3415 1272 3503 831,10).
1299 3416 1362 3500 -).

296 3547 327 3612 p.
352 3531 402 3592 15.
435 3527 476 3591 In
495 3523 647 3615 Διήγησις
669 3528 725 3594 καὶ
740 3525 889 3616 Διήγημα
913 3550 942 3598 v,
959 3525 1115 3616 Διὴγημα,
1132 3523 1284 3614 Διήγησις
1305 3524 1362 3608 μὲν

296 3630 356 3716 yde
380 3633 463 3722 ἔσταν
480 3632 648 3719 (deficiunt
663 3632 715 3698 hic
731 3635 888 3704 nonnulla
911 3634 1005 3698 facile
1030 3630 1225 3718 supplenda)
1254 3628 1319 3700 οἷον
1341 3633 1359 3718 ᾗ

295 3741 385 3808 πᾶσα
409 3735 554 3830 διήγησις
573 3737 725 3830 Ὁμήρου.
771 3737 919 3830 Διήγημα
942 3746 1041 3827 μέρος
1063 3769 1094 3808 τι
1115 3747 1171 3829 τῆς
1195 3735 1359 3830 ποιήσιος.

298 3839 367 3914 οἷον
383 3847 515 3925 Αἴαντος
531 3856 716 3933 μονομαχία
733 3847 963 3936 πρὸςἝκτορα.
994 3847 1048 3933 (cf.
1067 3847 1183 3919 Thom.
1193 3845 1239 3912 M.
1255 3851 1305 3928 96,
1317 3845 1359 3931 8.)

298 3989 340 4000 -
364 3954 405 4017 In
420 3950 535 4032 Ἕλκος
566 3951 667 4036 addit,
700 3957 736 4018 ut
759 3955 899 4039 saepiuS,
929 3955 1103 4022 discrimen
1126 3955 1265 4021 aliarum
1288 3951 1360 4018 dua-

295 4081 367 4128 rum
391 4079 522 4148 vocum,
552 4056 731 4150 τραίματος
760 4068 793 4129 οι
817 4065 951 4152 πληγῆς.
1012 4071 1145 4150 Τραῦμα
1169 4060 1215 4146 δὲ,
1248 4061 1358 4144 inquit,
