2856 4850
341 471 665 532 ·—33-

21 615 22 624 λ
50 623 176 710 σύνεγγυς
208 624 268 694 ὑπὸ
291 625 424 714 σιδήρου
448 623 587 717 πληγη.’
627 629 713 694 Ptol.
747 631 765 713 ξ
790 635 831 694 80
859 628 994 712 Eadem,
1023 637 1091 700 tum

21 747 22 828 ,
51 740 148 816 τραῦμα
168 733 205 800 δὲ
228 735 247 822 ἡ
273 730 332 802 ὑπὸ
357 731 489 827 σιδήρου
511 740 623 820 τρῶσις
647 743 807 826 γινομένη·
832 735 937 828 πληγὴ
961 737 996 806 δὲ
1019 740 1038 828 ἡ
1057 740 1090 807 ἐκ

48 837 128 925 χειρὸς
157 846 281 930 πλῆξις.
334 842 399 906 Hic
437 851 566 926 praeter
588 845 788 927 propositum
819 845 962 912 ordinem
984 847 1088 914 locum

21 1021 22 1030 η
49 949 76 1017 Ε,
97 945 134 1012 G.
166 949 371 1033 subiungam,
410 973 449 1014 ne
484 953 663 1020 Ptolemaei
692 959 833 1020 extrema
866 951 1089 1020 Ammonianis

48 1057 247 1122 contradicere
277 1066 380 1142 puteo.
429 1061 467 1124 Ε.
496 1059 536 1125 G.
563 1067 636 1144 loa,
661 1066 700 1125 31
718 1059 845 1146 Ἕλκος,
871 1063 904 1128 ἐκ
925 1068 980 1130 τοῦ
996 1063 1088 1146 ἑλκα,

21 1191 22 1196 ’
49 1164 153 1253 diocli,
183 1173 317 1253 τραῦμα,
349 1167 451 1260 πληγὴ
486 1165 644 1256 διαφέρει.
677 1207 718 1216 -
746 1209 786 1216 -
824 1209 863 1216 -
902 1177 1023 1257 τραῦμα
1053 1171 1089 1238 δὲ

21 1359 22 1368 ¹
49 1281 132 1356 ιηῶαις
155 1274 274 1362 σαρκός
297 1272 358 1343 ὑπὸ
383 1259 513 1362 σιδήρου
537 1271 702 1362 γινόμενον
718 1279 767 1366 ἐφ’
793 1279 917 1363 ὑγιείας
935 1277 1088 1365 σώματος,

21 1379 22 1412 ³
48 1379 128 1469 τιληγη
151 1380 187 1448 δὲ
210 1383 229 1470 ἡ
256 1383 289 1450 ἐκ
312 1380 417 1469 χειρὸς
439 1387 563 1470 ιιλῆξις.
607 1385 735 1452 Maiore
760 1388 864 1470 spatio
890 1387 931 1451 ab
956 1385 1088 1456 Ammo-

22 1486 84 1568 nio
105 1487 201 1554 distat
224 1488 310 1554 Ptol.
341 1492 359 1572 ξ
386 1495 448 1554 145
470 1485 642 1559 Ἰταλιῶται
672 1491 732 1575 μὲν
762 1497 908 1577 λέγονται
935 1492 1088 1584 Ἕλληνες

48 1598 69 1658 n‘
85 1594 113 1661 ἐν
134 1605 168 1684 τῇ
191 1596 312 1684 Ἰταλίη,
343 1599 451 1665 Ἰταλοὶ
480 1597 517 1665 δὲ
546 1595 716 1687 βάρβαροι·
741 1603 799 1668 καὶ
822 1601 937 1686 ὁμοίως
959 1605 1088 1672 Σικελοὶ

21 1729 22 1784 3
48 1701 88 1783 μὲν
108 1703 263 1792 βάρβαροι
297 1709 329 1772 αἱ
359 1705 390 1771 ἓν
417 1711 560 1794 Σικελίᾳ,
593 1705 784 1776 Σικελιῶται
816 1709 852 1777 δὲ
872 1706 1024 1800 Ἕλληνες
1057 1714 1089 1776 oi

21 1803 22 1832 ³
47 1811 67 1874 ἐν
85 1817 111 1900 ιη
133 1818 275 1901 Σικελία.
325 1813 410 1882 Aliis
421 1815 528 1883 verbis
552 1815 635 1882 idem
663 1817 740 1881 dicit
765 1814 872 1888 Amm.
892 1823 942 1888 77,
979 1816 1087 1886 ’λιαλοὶ

21 1921 22 1936 ἢ
47 1921 84 1984 καὶ
94 1919 255 1989 Ἰταλιῶται
273 1927 489 2010 διαφέρουσιν.
527 1922 634 1991 Ἰταλοὶ
649 1923 708 2010 μὲν
725 1923 793 2011 γαρ,
818 1929 851 1992 οἱ
865 1923 1007 2012 α’ρχῆθεν
1023 1930 1086 2012 την

21 2105 22 2112 η
45 2021 128 2110 χῶραν
145 2031 311 2104 οἰκοῦντες.
358 2027 526 2098 Ἰταλιῶται
548 2031 594 2113 δὲ,
620 2027 736 2098 drudoni
753 2038 814 2100 τῶν
831 2027 988 2118 Ἑλλήνων
1005 2029 1084 2119 ἔπηλ-

21 2143 22 2200 l
46 2155 122 2217 κησαν
143 2135 221 2219 μετα
245 2142 350 2202 ταῦτα·
372 2132 405 2202 τὸ
429 2132 506 2204 ailad
531 2139 587 2204 aci
612 2137 664 2204 εἰτὶ
686 2143 747 2205 τῶν
763 2143 972 2206 Σικελιωτῶν·
1022 2143 1084 2202 lae

21 2255 22 2272 ¹
45 2239 149 2318 Σικελὸς
170 2247 226 2312 καὶ
241 2241 433 2334 Σικελιώτης
458 2249 615 2333 διαφέρει.
662 2245 792 2324 Σικελὸς
814 2245 873 2332 μὲν
898 2245 956 2333 γάρ
973 2247 1085 2314 ἐστινὸ

21 2333 23 2340 ¹
46 2345 66 2431 ἐξ
81 2345 163 2438 αὐτῆς
185 2358 240 2442 τῆς
264 2359 411 2431 Σικελίας
428 2352 479 2421 ῶν·
504 2353 696 2446 Σικελιώτης
712 2353 758 2438 δὲ,
776 2355 793 2422 ὁ
811 2352 941 2432 Σικελὸς
956 2352 1015 2438 μὲν
1033 2351 1084 2441 ῶν,

21 2523 22 2536 ,
45 2449 87 2539 την
106 2457 138 2524 δι’
159 2457 267 2546 χῶραν
284 2457 380 2548 αὐτην
398 2465 502 2530 οἰκῶν.
542 2462 607 2528 Sed
629 2461 838 2544 magistellos,
864 2461 920 2543 qui
944 2461 1082 2527 collecti·

47 2579 116 2628 onem
142 2565 394 2632 Ammonianam
424 2569 611 2652 adornavit,
636 2591 694 2634 suo
729 2569 864 2632 arbitrio
891 2591 911 2632 a
936 2570 1081 2651 genuinis

21 2699 22 2724 ι
45 2669 122 2735 certis
134 2672 281 2758 deflexit,
314 2697 391 2741 nam
415 2677 509 2745 Eust.
538 2681 631 2758 1896,
655 2681 696 2740 50
720 2682 860 2740 testatur
876 2673 1011 2741 Aelium
1025 2675 1084 2740 Di·

46 2780 161 2857 inpium
177 2783 291 2848 iisdem
307 2783 411 2848 verbis
428 2785 499 2848 illas
516 2805 610 2851 voces
628 2783 818 2866 distinxisse,
837 2783 954 2867 quibus
971 2783 1081 2849 Ptole-

46 2902 144 2952 maeum
160 2913 254 2956 usum
272 2914 340 2957 esse
356 2891 510 2964 videmus,
554 2891 756 2975 Quibusdam
779 2891 856 2956 locis
880 2892 949 2974 ipse
965 2892 1079 2960 Valck.

46 3007 85 3065 luo
97 2994 283 3062 editionibus
301 2997 525 3064 Ammonianis
537 2999 759 3064 Ptolemaeum
776 3005 903 3064 secutus
921 3005 979 3081 est,
996 3006 1033 3064 ut
1048 3001 1081 3064 in

49 3115 102 3162 voce
118 3107 229 3191 ἱερεῖον
245 3105 352 3170 Amin.
370 3130 401 3190 p.
422 3113 472 3177 73.
511 3107 629 3193 Ptolo
652 3113 729 3187 1403
750 3105 885 3194 κόρυδος
900 3105 1009 3178 Amin,
1027 3111 1079 3173 84.

45 3221 62 3262 v.
74 3204 293 3278 animadvers
314 3219 388 3286 129.
418 3215 505 3286 Ptol.
523 3219 630 3300 §1563
650 3215 813 3299 quaedam
831 3222 1081 3280 commemorata

45 3306 169 3402 invenies,
204 3321 260 3386 ubi
290 3322 329 3386 de
353 3323 468 3386 Eranii
499 3323 645 3388 Philonis
678 3323 817 3406 epitome
849 3323 1078 3406 disputabitur.

45 3412 132 3486 Cetera
157 3467 192 3474 —
222 3435 254 3492 et
274 3435 399 3494 restant
422 3429 529 3493 hercle
551 3429 713 3513 quaedam
737 3431 892 3495 memoria
916 3431 1013 3514 digna
1038 3469 1077 3478 -

45 3541 105 3590 nnnc
120 3535 238 3599 omitto.
265 3537 337 3600 lam
361 3537 444 3600 enim
462 3543 607 3620 apparet,
633 3538 879 3619 epitomatorem
905 3537 1004 3619 illum,
1023 3538 1079 3620 qui

45 3626 190 3706 Ptolemaei
215 3665 333 3708 nornen
357 3644 418 3709 sibi
441 3645 623 3726 assumpsit,
656 3666 722 3708 non
747 3643 877 3726 quidem
902 3665 953 3726 eo,
980 3666 1079 3726 quem

21 3763 22 3770 ¹
47 3734 131 3809 Valclr.
149 3749 256 3832 edidit,
275 3751 356 3815 libro
374 3749 606 3832 Ammoniano,
625 3751 681 3814 sed
699 3751 872 3816 admodum
890 3751 956 3816 eius
982 3752 1078 3816 simili

47 3845 198 3920 allectione
224 3860 430 3941 synonymica
454 3880 546 3922 usum
577 3879 655 3922 esse.
707 3858 760 3922 Ea
784 3865 893 3924 autem
920 3858 1075 3940 collectio,

46 3967 88 4016 uon
107 3968 177 4040 puto
202 3986 338 4047 semper,
364 3965 420 4030 sed
437 3948 668 4047 nonnunquam
686 3964 829 4046 pleniore
846 3973 878 4030 et
895 3967 1077 4049 antiquiore

21 4061 22 4104 ³
49 4053 163 4132 doctrina
177 4072 336 4138 instructa
360 4078 443 4155 erat,
462 4095 559 4156 quam
584 4093 680 4154 quem
695 4071 855 4139 habemus
871 4069 1075 4150 Ammoniou,

901 4202 917 4252 3
