2856 4850
720 461 942 520 -30..

302 635 455 700 mendane
479 635 609 700 voluit.“
659 636 755 700 Itane
779 643 901 700 temere
925 634 965 700 de
995 635 1152 698 librorum
1184 634 1377 700 auctoribus

186 819 189 826 ¹
306 725 448 808 statuere
465 745 615 826 cuiquam
631 742 779 808 licuerit?
797 741 918 808 Snidae
935 744 1152 807 testimonium
1169 742 1256 806 nullo
1273 742 1378 805 verbu

302 843 517 934 redarguitur,
544 857 768 932 argumentum
792 851 915 916 fraudis
939 851 1014 915 iude
1046 853 1176 934 petitur,
1210 851 1298 934 quod
1334 851 1377 914 de

301 957 442 1046 σταφυλή
477 959 700 1046 Ptolemaeum
740 960 774 1022 in
809 959 892 1025 libro
933 959 1106 1041 prosodico
1149 959 1251 1041 'egisse
1286 957 1371 1022 Am-

300 1067 425 1130 monius
457 1072 608 1148 testatur,
641 1089 714 1130 cum
746 1067 798 1130 hic
832 1073 999 1150 appareat,
1037 1068 1109 1130 e'um
1141 1066 1174 1128 in
1211 1063 1293 1128 libro
1330 1065 1374 1128 de

303 1173 484 1238 differentia
507 1174 677 1238 verborum
702 1175 821 1258 scripto
840 1173 975 1239 eandem
990 1197 1059 1238 rem
1082 1180 1250 1255 tractasse,
1274 1174 1376 1256 quasi

306 1281 496 1364 scriptorem
521 1280 646 1346 duobus
670 1282 760 1349 libris
784 1282 869 1346 idem
893 1304 989 1364 agere
1005 1282 1139 1346 vetitum
1163 1283 1212 1346 sit.
1264 1281 1376 1344 Paulo

304 1384 485 1452 accuratius
514 1409 582 1452 rem
613 1389 766 1454 tractavit
790 1389 937 1454 Wiehius
964 1390 1013 1455 De
1045 1391 1158 1471 vestig.
1191 1396 1223 1452 et
1253 1389 1373 1471 reliqu.

301 1515 413 1578 synon.
446 1495 524 1558 artis
554 1493 670 1560 Graec.
704 1497 856 1560 Hauniae
891 1500 976 1560 1856
1002 1519 1033 1579 p.
1052 1502 1092 1560 83
1119 1518 1189 1578 sqq.
1245 1495 1375 1559 'laruen

299 1623 363 1666 non
395 1601 532 1666 multum
563 1601 715 1685 profecit,
750 1625 825 1667 nam
858 1605 995 1668 maxime
1028 1627 1108 1682 eum-y
1132 1604 1241 1684 movit,
1282 1602 1374 1686 quod

300 1705 439 1773 schedae
454 1707 683 1775 Ptolemaeeae
706 1711 811 1774 minus
836 1717 911 1776 sunt
935 1712 1084 1794 copiosae
1108 1733 1206 1794 quam
1230 1711 1373 1792 epitome

300 1815 359 1880 sub
391 1814 558 1881 Ammonii
590 1819 718 1884 nomine
751 1819 882 1900 tradita.
934 1821 1099 1902 „Primum
1129 1820 1244 1901 igitur,
1279 1818 1371 1900 quod

298 1921 465 1988 Ammonii
488 1925 570 1989 liber
586 1925 696 1991 DXX
712 1927 779 1992 fere
797 1929 1036 1993 observationes
1053 1928 1205 2008 continet,
1223 1926 1371 1990 Pseudo-

298 2027 478 2095 Ptolemaei
494 2053 558 2096 non
576 2033 635 2097 nisi
651 2032 812 2117 CCXIII,
834 2035 898 2099 iam
914 2035 989 2099 inde
1006 2018 1163 2118 suspicari
1178 2036 1263 2116 licet,
1281 2035 1371 2098 hunc

298 2135 405 2220 illum,
439 2159 505 2202 non
533 2139 624 2204 illum
648 2139 734 2205 hunc
759 2143 975 2226 compilasse.“
1024 2140 1151 2225 Oetera,
1187 2165 1270 2226 quae
1295 2166 1371 2226 pro·

299 2242 370 2325 fert,
393 2243 481 2310 haud
501 2247 633 2312 maioris
655 2256 729 2314 sunt
743 2255 906 2320 momenti.
946 2251 1060 2332 Longe
1077 2249 1312 2318 Valckenaerio
1339 2261 1372 2314 et

298 2351 430 2418 wiemo
453 2355 565 2419 meiius
591 2355 631 2420 ue
655 2355 781 2422 sonem
805 2323 867 2422 ilus
890 2357 1094 2422 raucam
1119 2357 1296 2439 capuam
1321 2358 1370 2425 m.

298 2457 439 2543 Baegius
456 2461 521 2548 (De
538 2461 624 2528 Ptol.
649 2461 804 2536 Ascalon,
842 2464 952 2530 Halae
974 2467 1073 2548 1882)
1098 2487 1129 2546 p.
1155 2469 1194 2527 16
1217 2487 1289 2549 sqq.
1336 2465 1370 2527 Is

298 2571 385 2631 certe
399 2567 560 2650 quaedam
574 2569 693 2652 attulit,
713 2592 797 2654 quae
807 2571 878 2635 usui
888 2578 972 2640 sunt.
996 2570 1113 2653 Neque
1130 2576 1238 2634 tamen
1255 2593 1369 2635 omnes

298 2673 365 2738 eius
389 2697 504 2740 causas
528 2675 581 2740 hic
604 2683 760 2760 repetam,
785 2685 830 2760 ut,
857 2677 1042 2761 quaemihi
1068 2678 1250 2759 arrideant,
1284 2701 1370 2742 com-

298 2783 447 2867 probare,
473 2806 556 2868 quae
580 2785 672 2850 nimis
690 2785 789 2860 dubia
804 2787 882 2850 mihi
899 2785 1078 2868 videantur,
1095 2786 1242 2850 refellere
1258 2807 1368 2851 coner.

299 2887 388 2958 Nam
411 2891 445 2956 id
463 2892 551 2976 quod
575 2894 683 2958 nescio
708 2917 749 2958 an
773 2895 946 2958 maximum
962 2895 1004 2958 sit
1027 2893 1089 2958 hac
1111 2895 1144 2957 in
1166 2895 1368 2981 quaestione,
1413 2897 1414 2992 l

298 2997 325 3063 ls
349 3022 413 3064 non
437 3001 539 3082 magis
576 3023 673 3085 quam
697 3001 811 3071 Valck.
837 3010 893 3068 aut
917 3001 1023 3066 Wieh.
1050 3002 1138 3072 vidit.
1196 3000 1259 3084 Qui
1283 3002 1370 3066 hanc

299 3127 548 3190 synonymorum
565 3110 692 3192 copiam
709 3111 878 3191 congessit,
897 3109 1008 3174 dedita
1024 3131 1123 3190 opera
1139 3109 1171 3172 id
1189 3110 1262 3192 egit,
1286 3109 1371 3174 libor

299 3235 375 3278 suus
399 3221 435 3278 ut
457 3213 620 3280 videretur
643 3209 776 3284 decaron
798 3217 923 3280 lexicon
947 3238 1025 3298 esse,
1052 3217 1108 3280 sed
1133 3239 1172 3280 ex
1196 3238 1302 3298 ungue
1326 3217 1371 3280 lc-

299 3343 404 3405 onem,
420 3343 524 3405 neque
541 3323 625 3386 enim
638 3324 715 3388 satis
733 3331 827 3390 caute
841 3325 965 3406 celavit,
981 3347 1015 3388 se
1027 3326 1159 3406 vestigia
1170 3324 1370 3388 collectionis

304 3431 529 3514 synonymi‘cae
552 3429 595 3496 ad
611 3429 779 3496 literarum
794 3431 939 3495 ordinem
953 3411 1128 3495 adstrictae
1144 3431 1245 3512 sequi,
1278 3429 1313 3496 N
1314 3454 1370 3495 am

300 3537 375 3602 vide
399 3529 597 3622 singularum
614 3559 728 3602 vocum
752 3540 871 3622 primas
895 3539 1015 3603 literas.
1034 3537 1074 3624 ἐξ
1101 3541 1207 3601 7-25
1225 3548 1260 3604 A.
1279 3548 1313 3604 A.
1333 3551 1368 3604 A.

299 3656 334 3714 A.
352 3657 387 3715 A.
407 3658 441 3714 A.
465 3657 497 3714 A.
517 3657 551 3714 A.
569 3655 604 3713 A.
622 3655 657 3713 A.
675 3657 710 3714 A.
727 3656 762 3714 A.
781 3658 814 3715 A.
834 3657 914 3713 AA.
932 3653 1111 3714 ABAE.
1130 3649 1260 3708 26—32
1278 3655 1313 3710 A.
1332 3656 1368 3711 E.

300 3759 379 3822 (9.1.
396 3763 436 3820 A.
446 3763 486 3820 A.
498 3763 544 3820 M.
565 3757 706 3824 33-36.
723 3763 759 3820 A.
776 3765 812 3820 Ε.
826 3763 861 3821 O.
872 3762 907 3819 Σ.
926 3756 1057 3816 37-39
1077 3761 1113 3818 0.
1127 3761 1161 3818 Τ.
1173 3756 1215 3818 Χ.
1233 3755 1368 3815 40-42

300 3867 389 3927 ΒΕ.
406 3869 442 3928 Ε.
459 3861 590 3929 43-49
608 3867 645 3925 A.
662 3870 699 3925 Δ.
715 3869 752 3926 A.
767 3867 803 3926 A.
821 3869 857 3925 A.
878 3870 913 3926 0.
935 3868 969 3925 T.
995 3864 1053 3921 etc.
1081 3863 1140 3920 etc.
1166 3857 1232 3922 Sed
1257 3879 1367 3922 eormn

299 3987 408 4050 causa,
434 3966 489 4050 qui
512 3963 674 4029 difficilius
700 3964 914 4046 adducuntur,
939 3972 976 4029 ut
1000 3963 1143 4046 credant,
1175 3963 1234 4028 has
1269 3966 1367 4029 etiam

299 4074 397 4140 series
421 4069 519 4142 addo.
546 4075 720 4137 114-129
737 4085 773 4142 A.
790 4084 825 4142 A.
835 4083 869 4140 A.
888 4083 922 4140 A.
941 4083 980 4140 Β.
999 4081 1035 4141 Γ.
1052 4082 1089 4140 A.
1105 4080 1142 4140 A.
1160 4082 1197 4140 A.
1214 4084 1250 4141 A.
1271 4084 1306 4141 0.
1326 4084 1364 4141 0.
