2850 4854
755 451 974 513 ..64-

542 653 544 658 ·
622 621 728 716 ἀρνῶν
751 625 962 716 πρωτογόνων
985 631 1098 714 ῥέξειν.

326 735 434 803 Αιιιιιι.
462 738 504 799 24
537 735 643 816 Αρνις
679 739 734 804 καὶ
763 736 888 823 Ἀρνειοὶ
921 739 1139 820 διαφέρουσιν.
1189 730 1302 818 Ὰρνες
1338 728 1399 814 μὲν

326 843 385 928 reip
408 848 553 928 ιε’γονοαι
577 848 609 911 οἱ
630 849 762 924 νεογνοί.

557 952 615 1029 Ὡς
640 950 676 1019 δὲ
699 951 790 1020 λύκοι
814 948 964 1035 ἄρνεσσιν
988 950 1144 1037 ἐπέχραον.

324 1058 452 1142 Ἀρνειοὶ
478 1058 524 1143 δὲ,
550 1065 582 1153 οι
605 1055 795 1149 προήκοντες
818 1061 935 1147 ἡλικίᾳ.

457 1168 583 1255 Ἄρνειρῖ
604 1194 660 1252 μιν
684 1167 780 1252 ἔγωγε
804 1165 899 1235 εἰσκιο
922 1164 1160 1255 πηγεσιμάλλῳ,

450 1271 505 1351 “og
527 1276 552 1340 τ’
578 1274 657 1342 ὀΐων
679 1274 757 1360 μέγα
780 1282 854 1344 πῶϋ
878 1279 1034 1359 διέρχεται
1056 1269 1248 1358 ἀργεννάων.

325 1381 426 1444 Eran.
453 1379 510 1445 Ph.
538 1387 599 1446 157
631 1382 763 1467 Ἀρνειοὶ
789 1385 843 1450 καὶ
866 1381 971 1468 Ἄρνες
1002 1387 1219 1468 διαφέρουσιν.
1266 1379 1395 1459 heremi

325 1486 385 1572 μὲν
407 1487 468 1573 γὰρ
493 1492 526 1555 οἱ
547 1493 671 1556 τέλειοι.
706 1489 811 1576 ’Ἆρνες
835 1488 881 1572 δὲ,
907 1493 939 1555 οἱ
961 1487 1035 1556 vehi.
1075 1491 1134 1574 Ep.
1152 1487 1197 1557 H.
1221 1521 1265 1545 z
1289 1485 1394 1548 Esau·

326 1593 404 1676 Ph,
436 1595 493 1660 sed
524 1595 623 1660 habet
655 1596 816 1664 maltro
782 1595 888 1682 plura,
922 1617 1005 1680 quae
1029 1596 1137 1661 neseio
1161 1617 1203 1660 an
1228 1593 1339 1658 omnia
1364 1593 1395 1654 in

326 1722 423 1786 opere
456 1703 662 1786 synonyrnieo
693 1725 778 1769 nuno
811 1725 875 1769 non
908 1709 1035 1767 servato
1065 1702 1239 1770 extiterint.
1307 1699 1395 1764 Nam

325 1808 406 1874 illud
430 1809 608 1895 Epimerist
609 1833 647 1875 ac
671 1808 686 1873 ὁ
710 1812 842 1904 ποιητὴς
858 1808 915 1900 τὴν
932 1806 1101 1899 διαστολην
1119 1804 1272 1896 potami
1287 1827 1395 1872 nonne

326 1915 412 2000 sapit
436 1937 614 1984 sermonem
637 1917 904 1986 Herennianum?
929 1919 968 1990 ef.
993 1941 1025 2005 p,
1049 1923 1110 1982 155
1135 1916 1241 1986 Amm.
1266 1915 1395 1984 ἐπίκοι-

326 2045 394 2107 ροιε
411 2022 550 2114 Ὅμηρος
574 2028 615 2091 δι’
641 2022 716 2113 ὅλης
741 2025 878 2112 ἐφύλαξε
900 2032 955 2114 τῆς
975 2023 1133 2115 ποιήσεως
1148 2023 1202 2100 τὴν
1219 2022 1393 2110 διαφοράν.

325 2128 446 2215 (oft
402 2129 455 2201 Ρι
479 2130 523 2202 A
549 2131 620 2219 §4;
644 2131 760 2204 'Phoar
785 2133 831 2198 M.
860 2136 1228 2222 38,11;Eust.1627;
1253 2129 1330 2196 Seh
1356 2130 1393 2198 Ιι

325 2234 356 2304 P
371 2241 452 2326 119
476 2239 517 2310 Ε
543 2237 583 2305 G.
612 2245 662 2323 78,
681 2246 743 2322 563
770 2247 881 2323 791
863 2241 978 2327 2).-
1014 2241 1210 2327 Epimerista
1175 2237 1285 2303 this
1316 2239 1394 2302 ιἰιοιι
1383 2245 1412 2318 ι,

327 2367 403 2414 cum
428 2344 617 2432 Ammonio,
648 2348 697 2414 bis
722 2370 796 2415 oum
820 2349 996 2416 minorihus
1021 2349 1168 2434 epitomis
1198 2347 1303 2432 operis
1328 2346 1393 2410 He·
1411 2327 1412 2393 ι

324 2455 485 2539 rennieni,
517 2455 604 2522 unde
637 2463 784 2544 apparet,
819 2464 878 2524 aut
909 2457 1139 2544 Epimeristam
1171 2454 1392 2520 distinctiones

327 2583 402 2631 suas
436 2563 585 2632 hausisse
617 2585 657 2632 ex
688 2585 786 2651 opere
819 2566 1024 2649 synonymieo
1056 2563 1233 2632 admodum
1263 2561 1390 2646 grandi,

328 2669 426 2754 qnod,
452 2671 664 2757 complurium
688 2678 860 2737 auctorum
882 2673 1058 2740 sententias
1076 2671 1239 2752 exhibens,
1264 2675 1297 2734 et
1317 2673 1411 2743 rim-t

326 2777 422 2844 monii
455 2784 488 2843 et
520 2785 700 2847 ceterorum
727 2780 1012 2864 interpretationes
1037 2781 1237 2865 complexum
1260 2779 1310 2860 sit,
1338 2783 1393 2841 aut

325 2907 365 2950 ex
388 2885 527 2971 epitome
549 2887 772 2970 Herenniana,
803 2887 843 2953 ab
871 2889 921 2970 iis,
955 2911 1038 2976 quae
1063 2890 1245 2954 etiamnunc
1269 2893 1390 2960 extent,

326 2991 453 3058 diversa
469 2993 630 3078 modoque
641 2995 784 3062 oumhac
794 2996 890 3064 modo
906 2996 1043 3060 cumiila
1058 2996 1257 3078 congruenti.
1279 2992 1390 3075 Atqui¹
1409 3027 1410 3091 ρ

326 3100 387 3166 hoc
410 3102 520 3184 ipsum
543 3103 678 3170 maxime
701 3103 843 3170 notabile
868 3110 925 3186 est,
952 3103 1040 3187 quod
1056 3104 1162 3171 fontes
1186 3102 1289 3168 nostri
1314 3101 1390 3163 artis

325 3209 551 3296 synonymicae
573 3209 636 3275 huc
659 3210 736 3277 illuc
758 3211 919 3278 fluctuant
905 3217 982 3277 tac
1005 3234 1045 3276 ne
1071 3211 1135 3274 dno
1165 3208 1295 3292 quidem
1320 3206 1390 3270 libri

258 3308 261 3314 ’
325 3317 529 3402 synonymici,
555 3318 699 3402 quamvis
724 3318 844 3388 similes
866 3341 979 3387 omnes
997 3319 1070 3400 sint,
1095 3317 1229 3382 inveniri
1244 3323 1409 3434 possunt,

328 3426 382 3508 qui
405 3423 553 3494 omnihus
576 3423 655 3493 locis
681 3425 741 3494 sibi
764 3425 993 3512 respondeant
970 3425 1113 3490 ttPos
1100 3431 1214 3512 tquam
1234 3423 1293 3505 igit
1297 3445 1358 3488 ur
1353 3387 1409 3484 ab

326 3531 492 3598 Herennio
517 3533 665 3615 Philone,
690 3533 834 3618 principe
862 3534 918 3601 illo
943 3539 1074 3598 auctore
1099 3532 1223 3600 collect
1200 3532 1297 3599 tronis
1322 3553 1389 3613 spu

327 3639 499 3722 onymieae,
531 3661 570 3704 ea
592 3662 676 3724 quae
697 3641 820 3725 priores
845 3642 1046 3725 grammatici
1062 3640 1232 3724 Didymus,
1258 3637 1408 3723 Trypho

329 3745 383 3809 alii
406 3747 439 3810 in
461 3745 524 3816 hoe
550 3769 666 3830 genere
690 3750 936 3835 praestiterant,
968 3749 1002 3812 in
1025 3771 1123 3815 unum
1156 3753 1272 3815 coacta
1305 3753 1408 3821 sunt*

330 3858 363 3918 et
386 3852 528 3938 undique
552 3854 659 3921 aliena
682 3855 839 3939 colligens
868 3855 1056 3941 propriique
1086 3853 1208 3922 laboris
1233 3852 1386 3918 fructibus

326 3980 448 4042 augens
463 3962 649 4028 Herennius
673 3962 815 4047 primurn
836 3983 1086 4046 synonymorum
1102 3982 1218 4044 corpus
1236 3959 1385 4038 condidit,

325 4065 539 4133 fundamento
562 4069 663 4151 iacto,
699 4070 846 4138 certatim
879 4067 1126 4155 epitomatores,
1156 4065 1314 4156 quidquid
1346 4068 1407 4139 eis}
