2856 4850
498 477 695 536 „5-

58 651 91 717 δὲ·
125 647 280 726 πολλάκις
311 650 345 718 ἐν
373 645 552 740 σῇχρήσει.
610 655 651 716 22
672 651 827 742 Ἀρποὶγηε
851 652 1003 741 καθάπερ
1034 653 1128 744 dorp

57 763 224 846 συνηθείᾳ.
276 763 316 822 37
345 754 492 846 Γράμμαε
524 757 558 826 ἓν
588 764 634 848 cp‘
658 765 824 850 σννηθείᾳ.
881 767 922 826 67
944 748 1018 838 Ἦςι
1047 762 1125 830 κατά

54 865 109 954 τὴν
133 864 291 954 ἡμετέραν
316 863 500 955 σινήθειαν.
541 871 584 930 94
608 866 754 956 Μισητη’;
779 867 931 954 καθάπερ
954 870 1007 936 καὶ
1031 868 1125 956 ἡμεῖς

55 973 86 1040 ἐν
117 979 155 1062 σῇ
191 981 346 1064 σννηθείᾳ
387 979 605 1062 προφέρομεν.
673 979 736 1039 124
767 974 935 1064 Σσοφυλήε
975 975 1057 1052 τινὲς
1088 975 1125 1044 δὲ

54 1085 254 1172 βοηθοῦντες
276 1087 321 1170 cp'
345 1086 510 1172 σννηθείᾳ.
553 1085 615 1145 140
633 1080 797 1165 Ὺπάγειντ
824 1086 857 1149 oi
871 1081 908 1150 δὲ
923 1087 1123 1174 βοηθοῦντες

55 1193 91 1277 τῇ
106 1195 204 1277 λέξει.
247 1194 284 1254 11
303 1189 522 1276 Ἅλίσπορτονε
548 1189 649 1273 όβίος.

119 1295 216 1360 Talia
241 1296 281 1360 ab
304 1294 582 1377 homuncionibus,
609 1296 663 1377 qui
687 1295 868 1360 collectioni
896 1303 1028 1362 nostrae
1053 1319 1123 1381 syn-

52 1425 244 1486 onymorum
276 1403 327 1466 vel
351 1401 560 1468 describendo
585 1401 634 1466 vel
657 1400 842 1467 recudendo
868 1423 1001 1486 operam
1026 1425 1123 1469 nava·

50 1517 178 1592 verunt,
202 1531 360 1593 persaepe
383 1515 420 1574 ut
444 1507 606 1592 superflua
623 1509 742 1573 omissa
763 1530 833 1574 esse
856 1510 1013 1593 suspicari
1035 1511 1121 1579 licet.

53 1617 119 1682 Sed
149 1639 199 1700 ea,
236 1639 319 1701 quae
343 1617 384 1681 ab
416 1617 460 1680 eis
494 1615 608 1680 relicta
641 1622 732 1698 sunt,
766 1637 885 1699 magna
908 1638 985 1682 voce
1009 1639 1044 1684 se
1067 1621 1123 1684 uni

51 1724 224 1808 eidemque
248 1724 373 1788 auctori
397 1723 508 1787 deberi
536 1729 706 1804 testantur,
745 1729 854 1806 atque,
889 1733 961 1790 cum
993 1747 1032 1791 ee
1059 1727 1122 1791 nisi

49 1833 80 1896 in
105 1833 253 1898 articulis
277 1831 418 1896 melioris
449 1836 548 1894 notae
580 1868 621 1877 -
653 1851 708 1896 eos
738 1828 810 1896 dico
835 1832 891 1913 qui
915 1837 947 1896 et
970 1831 1121 1897 ubertate

49 1940 221 2006 doctrinae
253 1945 285 2006 et
317 1936 521 2002 multitudine
558 1938 816 2004 testimoniorum
856 1937 1034 2022 excellunt,
1076 1977 1119 1988 -

46 2071 110 2112 non
150 2049 369 2128 inveniantur,
409 2045 581 2110 maximam
620 2046 820 2131 eandemque
857 2047 1012 2130 optimam
1044 2045 1120 2110 libri
1219 2115 1222 2120 ,

46 2155 261 2220 Ammoniani
284 2161 410 2238 partem
434 2153 489 2216 uni
513 2153 638 2217 auctori
661 2153 868 2220 tribuendam
884 2175 954 2220 esse
971 2161 1120 2239 apparet,

111 2264 180 2328 Hic
215 2268 321 2326 autem
350 2261 409 2325 sub
441 2259 537 2324 finem
564 2259 659 2342 primi
682 2283 712 2344 p.
739 2260 775 2326 Ο.
800 2284 831 2327 n.
857 2260 977 2326 saeculi
1001 2262 1116 2328 vixisse

46 2369 281 2436 existimandus
306 2375 365 2450 est,
400 2390 464 2451 qua
495 2368 528 2431 in
560 2387 595 2430 re
618 2367 856 2438 Valckenaerio
889 2392 954 2435 non
986 2391 1119 2454 possum

44 2500 108 2543 non
139 2477 301 2547 assentiri.
357 2475 463 2542 Scitus
491 2475 588 2540 homo
613 2477 806 2540 sententiam
831 2499 922 2542 suam
947 2477 1117 2562 explicavit

44 2607 74 2668 p.
99 2585 251 2652 XXVII
269 2579 493 2667 'praefationis
541 2583 614 2665 Ego
637 2581 701 2648 hoc
724 2606 823 2648 unum
847 2584 948 2650 addo:
973 2583 1114 2652 Herodi·
1177 2581 1182 2591 '

46 2715 127 2758 anus
153 2713 315 2775 nusquam
338 2692 371 2756 in
394 2691 488 2774 libro,
522 2689 562 2754 de
587 2711 651 2773 quo
675 2691 798 2774 agitur,
833 2700 1114 2760 commemoratur.

43 2801 122 2864 Jam
147 2799 233 2882 finge
258 2799 316 2866 tibi
339 2799 585 2882 grammaticum
602 2799 651 2863 vel
676 2800 785 2882 quarti
801 2800 851 2865 vel
874 2801 962 2865 tertii
986 2801 1115 2882 saeculi,

44 2907 126 2990 vide,
159 2929 257 2990 quam
281 2907 450 2989 diligenter
477 2905 533 2970 ille
557 2905 740 2989 Tryphonis
765 2910 838 2993 περὶ
860 2907 1000 2995 Ἀττικῆς
1023 2927 1120 2993 προσ-

44 3021 146 3103 ῳδίας
170 3015 269 3078 libros
295 3013 502 3101 (Ἑξανεψιοί,
539 3011 706 3098 deiopeia,
741 3012 880 3106 Μισησή,
908 3019 1036 3100 Τροχοί,
1056 3013 1119 3102 Ἆρ-

45 3121 161 3212 mirol),
186 3143 310 3186 necnon
330 3119 511 3185 Ptolemaei
527 3119 739 3185 Ascalonitae
754 3125 814 3189 σῶν
831 3120 865 3188 ἐν
878 3120 1000 3190 Ἰλιάδι
1023 3143 1119 3208 προσ-

45 3234 154 3318 ῳδιοῖν
191 3229 290 3293 libros
331 3227 510 3317 (Σταφολή,
547 3225 699 3314 ratam),
732 3228 981 3316 Heraclidisque
1020 3229 1119 3296 libros

44 3341 116 3424 περὶ
144 3342 320 3424 roteland:
338 3341 519 3425 προσῳδίας
542 3335 645 3422 (Νῦν,
665 3335 830 3426 Reperti)
855 3338 888 3401 in
912 3359 1004 3403 usum
1028 3337 1119 3402 adhi-

43 3445 161 3527 buerit,
195 3444 397 3528 eundemque
428 3444 673 3525 grammaticum
700 3441 883 3509 Herodiani
906 3443 1004 3508 libros
1028 3464 1119 3526 pros-

44 3552 157 3616 odicos
189 3572 321 3634 prorsus
353 3550 530 3632 neglexisse
561 3548 750 3632 putaveris?
821 3551 856 3615 Is
889 3552 1119 3635 grammaticus

44 3679 117 3722 eum
150 3657 229 3740 fingi
260 3667 410 3741 nequeat,
458 3679 615 3721 summam
648 3663 779 3722 nostrae
813 3658 1009 3723 collectionis
1044 3666 1119 3724 ante

44 3765 277 3832 Herodianum
317 3771 503 3848 congestam
544 3785 613 3829 esse
653 3766 731 3830 mihi
762 3765 953 3850 persuadeo.
1001 3765 1119 3851 Neque

48 3873 228 3956 quidquam
260 3875 404 3956 invenio,
436 3876 579 3957 quamvis
612 3875 767 3939 acerrime
808 3894 984 3957 quaerens,
1029 3873 1118 3959 quod

45 3981 119 4045 huic
142 3981 343 4064 persuasioni
368 3981 484 4047 obstet.
522 3983 639 4066 Neque
673 3983 757 4047 enim
783 3981 990 4065 cogitandum
1014 3990 1064 4048 est
1080 3983 1120 4049 de

46 4087 253 4174 quibusdam,
280 4109 373 4172 quae,
400 4090 426 4152 si
450 4111 562 4156 revera
584 4111 623 4155 ea
639 4089 679 4156 ab
697 4097 829 4158 auctore
845 4090 964 4157 saeculi
981 4090 1113 4158 secundi
