2856 4850
440 480 688 546 -53-'

16 659 65 722 Ps.
95 665 142 723 73
177 666 217 728 Τί
239 665 388 746 διαφέρει
415 657 447 726 τὸ
476 659 543 745 ἄγιο
575 669 628 728 τοῦ
662 670 764 748 φέρω;
798 660 845 730 ὅτι
875 669 912 730 ιδ
939 661 998 746 μὲν
1023 661 1089 746 δγιο

16 767 62 834 ἐπὶ
85 763 250 855 ἐμψύχων
272 765 480 854 λαμβάνεται,
508 768 549 845 ὡς
573 766 605 834 ιδ

325 875 412 963 διξειὲΙ
438 873 474 941 δὲ
498 871 663 961 Πριάμοιο
686 881 760 966 βίην

20 979 46 1049 ιδ
71 982 111 1048 δὲ
140 988 257 1114 φέρω,
266 981 319 1049 ἒπὶ
342 979 487 1065 α’ψέχων,
513 981 555 1059 ὡς
578 980 611 1048 ιδ

121 1115 157 1156 οι
183 1089 211 1155 δ’
234 1097 313 1178 ιγ’γον
335 1088 395 1174 μὲν
418 1093 516 1176 μῆλα,
542 1094 640 1172 φέρον
665 1091 693 1156 δ’
720 1088 855 1176 εὐήνορα
881 1082 976 1160 οἶνον.

20 1197 126 1266 Arum
155 1201 175 1259 2
212 1193 316 1280 Αγειν
348 1200 406 1264 καὶ
438 1201 554 1283 Φέρειν
588 1197 745 1285 διαφέρει.
806 1194 932 1281 Αγειαι
962 1196 1022 1282 μὲν
1051 1194 1088 1264 τὰ

20 1304 161 1389 ἔμψυχα.
214 1309 350 1390 Φέρεται
373 1301 410 1370 δέ
433 1300 554 1389 ἄψυχα

126 1414 172 1479 οι
187 1411 252 1477 δ”
232 1435 311 1497 ιργον
326 1410 386 1494 μὲν
400 1414 495 1496 μῆλα,
520 1435 620 1497 φερον
642 1411 671 1478 δ
694 1405 835 1500 εὐήνορα
860 1405 955 1480 οἶνον.

22 1516 145 1582 Stultus
171 1517 381 1599 magistellrn,
412 1517 462 1581 cui
495 1518 697 1600 Epimerista
721 1541 780 1584 sua
803 1519 907 1601 debet,
934 1519 1012 1605 quid
1035 1542 1090 1592 ve-

23 1625 121 1707 luerit,
146 1626 183 1688 in
199 1623 374 1707 propatulo
392 1630 450 1695 est.
487 1625 528 1688 In
544 1625 701 1690 Herennii
725 1648 823 1710 opere
839 1626 882 1692 ad
898 1647 1009 1692 venem
1024 1626 1091 1711 ἄγοι

5 1733 143 1798 'nullum
170 1741 242 1798 erat
266 1733 399 1798 allatum
423 1733 660 1815 testimonium,
694 1754 770 1815 ergo
804 1735 999 1816 epitomator
1029 1734 1091 1800 hue

25 1842 127 1905 titium
147 1841 311 1922 corrigere
328 1840 459 1906 studuit.
485 1840 550 1906 Sed
568 1862 666 1927 quarn
681 1861 780 1922 prave
797 1839 888 1906 feeit!
905 1839 1090 1903 Herennius

26 1971 179 2032 persaepe
203 1947 424 2013 distinctiones
450 1971 524 2014 suas
549 1949 591 2012 ad
617 1949 812 2030 scriptorum
836 1949 924 2014 loces
949 1947 1091 2031 applica·

25 2059 69 2138 rit,
86 2057 211 2142 quibus
223 2077 326 2136 voees,
348 2078 485 2138 quarum
497 2055 710 2121 differentium
723 2056 943 2122 illustraturus
961 2063 1040 2137 erut,
1059 2056 1092 2120 in

5 2145 120 2230 ¹unum
147 2164 287 2231 collatae
311 2163 563 2233 inveniebantur.
617 2168 726 2232 Arum.
746 2169 776 2234 5.
816 2167 896 2232 Λῖιῶ
920 2163 960 2227 ab
984 2167 1091 2231 Αἰιοῦ-

5 2297 77 2360 ραι
100 2271 326 2353 distinguitur,
353 2296 451 2338 uuum
475 2278 655 2359 exemplum
679 2275 830 2342 affertur:
870 2267 915 2339 0ιῖ
939 2278 1008 2357 πέρ
1032 2272 1092 2355 γὰρ

5 2363 137 2463 δαιτῶν,
183 2379 261 2446 oeus*
290 2380 403 2448 λοπάδ’
438 2381 631 2468 αιίοδμενος.
695 2383 807 2452 Amrn.
840 2386 878 2444 19
913 2379 1021 2460 egitur
1052 2377 1091 2442 de

28 2487 220 2574 ’Λπνδρᾶναι
250 2494 282 2551 et
307 2488 524 2574 Ἁποφεδγειν,
557 2513 657 2556 unum
691 2490 871 2584 exemplum
907 2487 1091 2556 exhibetur:

6 2585 99 2672 ἷδδιε
135 2595 414 2681 ἀποδεδράκασιν,
459 2598 529 2665 uine
565 2593 843 2684 α’ποπεφεδγασιν.
905 2597 1014 2666 Amm.
1051 2600 1091 2658 36

6 2701 207 2772 ζιιιιιοιοιιιὶιι
245 2725 359 2769 vouurn
399 2711 498 2793 γῆμαι
531 2713 562 2770 et
595 2704 763 2793 γήμασθαι
796 2705 936 2787 explieat
939 2725 984 2774 ur
1041 2701 1093 2765 Ibi

32 2808 122 2876 hebes
169 2811 249 2876 haee
288 2813 353 2878 tria
389 2813 549 2895 exemplu:
615 2818 848 2902 Ιιγμαμένηιῤ
886 2816 945 2899 υἱῳ
976 2809 994 2879 ὁ
1025 2805 1074 2876 ‹5’⁰
1056 2830 1093 2876 ον

7 2909 128 3004 ματέρ’
163 2919 342 3007 ἐξεναρίξας
365 2927 465 3008 Itius,
500 2927 567 2988 turn
593 2924 656 2988 Καὶ
678 2917 845 3005 θάλαμος,
880 2919 913 2986 έν
938 2911 964 3005 ιδ
987 2928 1091 2992 κεῖνος

34 3022 89 3092 Οὐκ
113 3028 244 3114 ἔγημεν,
265 3026 337 3095 ἀλλ’
363 3026 512 3116 ἐγήματο,
545 3034 712 3110 postremo
736 3030 794 3094 Σοὶ
825 3027 883 3111 μέν
915 3031 1093 3112 γαμεῖσθαι

8 3132 196 3218 ᾗγιόρσιμον,
228 3146 340 3218 γαμεῖν
375 3136 410 3203 δὲ
439 3133 494 3222 μή.
541 3135 653 3206 Arum.
672 3142 712 3200 39
746 3141 819 3212 δέος
849 3130 959 3221 φόβος,
992 3156 1092 3198 ununr

8 3243 210 3410 {exemplum
237 3243 361 3328 Ἡμέας
393 3243 456 3326 ἔχει
490 3241 593 3330 φόβος
629 3270 662 3312 τε
692 3246 745 3310 καὶ
778 3248 861 3321 δέος.
914 3241 1024 3307 Arum.
1050 3247 1091 3306 41

8 3347 176 3439 δικασιής
207 3347 376 3438 διαιτητής,
414 3373 512 3415 unurn
541 3352 721 3433 exemplum
747 3354 790 3420 Εἴ
817 3379 862 3428 τις
894 3349 1041 3437 δικαστὴς
1073 3341 1095 3436 ἠ

9 3455 191 3546 διαιτητής
225 3465 312 3524 {tecm
343 3465 403 3526 ete
439 3466 498 3522 ete.
533 3459 669 3540 --Ep
694 3458 748 3522 Ps
775 3444 805 3528 2
844 3463 999 3543 Διαφέρει
1021 3453 1095 3544 πρό-

37 3587 111 3646 ιιρος
134 3566 193 3631 καὶ
218 3570 349 3647 πρῶτος,
384 3563 430 3632 ὅτι
456 3573 549 3635 οιο,-
539 3595 584 3600 ⁸
556 3565 719 3629 Arum.
761 3570 833 3646 120,
868 3566 925 3629 sed
957 3567 1094 3630 elerum

38 3667 245 3750 Epirneristee
285 3672 462 3756 exemplum
504 3674 535 3736 in
578 3673 660 3736 libro
693 3673 917 3736 Ammoniano
955 3694 1018 3737 uon
1049 3673 1094 3736 iu·

38 3780 169 3858 inmun-3
205 3786 314 3843 utrurn
342 3781 547 3864 Epirnerista,
578 3801 619 3843 an
643 3777 837 3845 Ammonius
861 3781 1019 3844 Herennii
1043 3801 1095 3862 ge·

10 3883 11 3956 }
41 3886 161 3950 uuinunr
197 3887 379 3968 exemplum
413 3889 596 3968 servaverit,
628 3909 693 3950 non
727 3894 775 3951 est
807 3889 889 3951 tanti
924 3889 1014 3951 seire.
1052 3927 1092 3935 »-

10 4009 11 4028 r
42 3990 88 4072 Ep.
106 3994 161 4063 Ps,
184 3999 245 4056 112
274 3997 316 4058 Tr
339 3999 487 4080 διαφέρει
511 3993 634 4078 πτωχὸς
653 3997 706 4061 καὶ
721 3999 837 4085 πένης;
862 4001 1018 4078 Διαφέρει
1034 4002 1093 4059 en.

42 4098 119 4164 ulitur
153 4109 252 4190 atque
276 4099 381 4168 Amm.
411 4107 483 4168 111.
535 4103 602 4168 Hie
631 4108 717 4165 certe
741 4101 939 4187 Epimerista
963 4101 1005 4170 ab
1029 4103 1095 4168 He-
