2850 4854
442 489 660 547 ..65-

26 664 197 747 arridebat,
224 665 272 732 sui
288 664 366 728 iuris
389 663 562 744 faciebant,
587 664 634 726 ita
656 668 773 744 tamen,
799 669 835 727 ut
858 681 1090 745 nonnunquam

26 772 183 856 quaedam
200 772 312 835 leviter
326 771 538 836 immutarent
554 769 604 835 vel
621 771 718 835 etiam
735 768 906 851 adderent;
930 771 952 833 ii
970 777 1088 854 autem,

25 884 69 966 qui
93 903 152 950 eos
179 881 281 946 secuti
305 886 388 961 sunt,
421 900 486 943 non
511 878 658 945 omnibus
682 880 715 942 in
738 879 834 942 rebus
859 879 913 944 uni
938 879 1089 943 essentie·

24 989 145 1070 bantur,
174 987 240 1070 sed,
266 987 321 1050 ubi
342 988 387 1052 eis
409 986 584 1073 quidquam
605 986 808 1070 displicebat,
828 986 870 1050 ad
887 987 967 1054 alias
985 988 1089 1072 epito-

25 1119 81 1163 mas
106 1096 336 1178 recurrebant,
369 1094 471 1158 donec
501 1097 657 1179 temporis
689 1094 826 1160 decursu
859 1095 910 1158 hic
942 1101 1087 1161 oreretur

24 1205 252 1284 turbaturum,
278 1203 332 1288 qui
356 1224 441 1266 nunc
464 1224 622 1288 persaepe
645 1203 797 1288 impedit,
823 1206 995 1288 quominus
1020 1225 1090 1268 sen·

24 1313 116 1376 tentia
140 1313 354 1377 Herenniano
377 1311 410 1373 in
433 1310 504 1375 luce
529 1309 713 1378 collocetur.

81 1421 193 1503 Pergo
218 1419 437 1504 Epimeristae
462 1417 683 1484 distinctiones
709 1441 918 1486 enumerans:
958 1420 1022 1506 Ep.
1044 1421 1090 1493 Η.

28 1533 88 1592 131.
144 1529 263 1596 attexo
288 1526 326 1612 (Α
351 1524 448 1610 214);
475 1576 559 1594 .....
576 1528 683 1594 ebena
706 1533 766 1594 rod
786 1525 903 1599 οὕνεκα
929 1534 1088 1614 διαφέρει·

26 1646 74 1704 etc.
100 1631 204 1703 πάλιν
226 1634 259 1700 τὸ
283 1633 378 1701 ἕνεκα
394 1639 449 1700 τοῦ
464 1632 559 1720 χάριν
576 1639 733 1722 διαφέρει.
781 1631 873 1716 Quae
889 1635 1089 1720 Epimerista

25 1743 67 1807 lic
96 1743 201 1808 habet
231 1745 265 1806 iu
297 1763 396 1807 unum
439 1743 624 1823 coniuncta,
672 1739 799 1810 duobus
842 1742 921 1808 locis
960 1743 1090 1808 exhibet

28 1849 132 1921 Amm,
163 1855 224 1914 106
248 1855 283 1926 ¹et
313 1853 366 1918 53.
431 1848 548 1912 Utrum
582 1849 723 1926 mutatio
753 1849 793 1914 ab
827 1849 1013 1933 Ammonio,
1045 1871 1089 1916 on

28 1959 154 2024 alonte
176 1957 404 2043 Epimeristao,
431 1977 472 2020 an
497 1955 537 2020 ab
561 1957 631 2042 ipso
649 1955 849 2042 Epimerista
872 1964 944 2040 stet,
968 1959 1088 2029 nescio.

27 2067 70 2135 ref.
93 2067 150 2131 Ρι.
176 2065 210 2129 Α
235 2067 328 2150 §413
355 2066 470 2148 ἕνον
495 2065 596 2130 aran.
620 2064 681 2135 Ph.
706 2070 788 2153 1723
812 2065 854 2136 n.
873 2063 914 2130 o.
937 2071 1008 2148 mr,
1027 2071 1097 2154 ns;-

26 2175 121 2245 Tzetz.
149 2195 202 2258 ap.
226 2172 361 2238 Bachm.
390 2169 702 2258 Seh.11,Lips‚p.
730 2178 812 2260 7903
830 2174 920 2260 822),
950 2213 989 2220 -
1024 2173 1088 2259 Ep.

25 2283 59 2352 H.
78 2289 118 2346 10
147 2277 304 2367 Ἀμάνειν.Ι
329 2279 371 2365 (Ζ
385 2279 466 2364 463)
491 2283 543 2346 καὶ
567 2275 752 2365 άμάνεσθαι
776 2287 932 2368 διαφέρει·
954 2279 1089 2368 α’μάνειν

4 2417 6 2452 ι
26 2391 76 2457 ἐστὶ
99 2387 137 2458 τὸ
155 2395 303 2477 βοηθεῖν,
329 2381 511 2472 dumsatio
536 2389 567 2448 δὲ
595 2387 633 2457 τά
658 2386 914 2482 προηδικηκάιας
929 2387 1088 2463 κολάζειν.

4 2481 80 2583 ἶ111)
104 2500 161 2564 καὶ
192 2495 291 2564 πάλιν
314 2495 433 2580 άμάναι
455 2499 511 2562 καὶ
534 2493 695 2580 ἐπαμάναι
719 2502 877 2584 διαφέρει·
903 2496 1007 2566 ὅτιτὸ
1030 2498 1090 2583 μὲν

4 2603 140 2688 optem
170 2600 204 2670 τὸ
229 2598 437 2690 ἀμείψασθαι
466 2610 615 2694 σημαίνει
641 2605 711 2682 τοὺς
745 2601 954 2696 ἠδικηκότας,
985 2601 1024 2673 τά
1056 2606 1089 2672 δὲ

4 2705 176 2795 1ἕααμάναι
201 2707 238 2779 τὸ
263 2717 438 2801 βοηθῆσαι·
470 2714 523 2778 καὶ
537 2711 686 2800 Ὅμηρος·
713 2712 782 2780 ἀλλ’
812 2712 976 2798 ἐπάμυνον
1006 2705 1088 2798 ὄφρα

4 2819 156 2908 sulpura.
214 2818 300 2902 Quid
334 2818 485 2882 differant
516 2819 601 2882 inter
626 2840 659 2882 se
682 2815 816 2904 άμάνειν
840 2817 1086 2906 οῖιάμάνεσθαι,

27 2951 47 2990 u
73 2937 182 2999 Amm.
209 2933 267 3016 153
292 2927 369 3012 quid
394 2926 546 2992 differant
569 2923 689 3011 άμῦναι
707 2933 739 2990 et
755 2927 924 3012 ἐπαμῦναι,
949 2927 1088 2992 inlibris

28 3036 233 3118 synonymicis
263 3055 329 3102 non
362 3035 537 3116 invenitur,
571 3055 676 3120 neque
714 3041 823 3098 tamen
857 3056 895 3099 ea
924 3034 1091 3100 distinctio·

27 3143 106 3208 brevi
131 3166 231 3209 manu
247 3143 414 3209 Herennio
440 3142 657 3209 abiudicanda
682 3149 739 3207 est.
786 3142 874 3208 Nam
896 3141 1088 3208 Ammonius

28 3249 70 3315 lic
94 3275 114 3316 a
140 3251 282 3334 genuina
304 3250 410 3318 forma
434 3251 606 3317 descivisse
630 3250 767 3322 videtur,
807 3249 916 3316 Amm.
945 3256 984 3317 31
1002 3263 1089 3339 Βοη-

31 3369 77 3426 tsi
96 3358 157 3444 μὲν
183 3360 199 3427 ά
228 3358 341 3442 συνών,
377 3358 556 3448 buranum
586 3360 622 3428 δὲ·
651 3360 666 3422 ὃ
702 3359 821 3432 ἔξωθεν
854 3364 901 3438 εἰς
920 3358 1090 3448 βοήθειαν

30 3463 114 3552 ἥκων·
140 3476 308 3552 Συμμαχεῖ
330 3467 366 3534 δὲ
391 3464 573 3536 caltores·
616 3469 821 3554 Ὑπερμαχεῖ
841 3466 878 3534 δὲ
902 3465 920 3535 ά
944 3463 1088 3554 άδννάτῳ

29 3573 232 3661 χρησιμεάων·
256 3571 377 3658 Ἀμάνει
401 3574 436 3642 δὲ
461 3575 476 3637 ὃ
499 3571 736 3662 τιμωρούμενος
764 3573 845 3661 riardo
875 3571 935 3641 ruli
965 3575 1089 3641 άπολω-

30 3677 122 3759 δάιος.
170 3679 373 3764 Ammonius,
406 3689 442 3747 ut
472 3704 558 3748 nunc
582 3682 748 3763 sehabet,
781 3682 850 3767 ipse
876 3681 936 3750 sibi
962 3687 1089 3748 contra·
1187 3687 1189 3694 '

30 3787 95 3852 dicit
131 3790 164 3853 in
192 3811 271 3857 voce
305 3784 441 3875 άμάνειν
474 3788 675 3876 explicanda,
708 3810 782 3852 nam
807 3810 837 3874 p.
865 3793 902 3852 31
930 3785 1090 3873 Ἀμάνειὸ

30 3895 256 3983 τιμωρούμενος
291 3897 369 3982 ὑπὲρ
400 3903 456 3964 νοῦ
486 3894 692 3988 η’δικηκάτος,
742 3919 773 3982 p.
811 3902 849 3960 15
884 3895 1021 3981 Ἆμάνειν
1055 3896 1091 3965 δὲ

31 4002 60 4068 ιδ
96 4011 255 4094 βοηδεδν;
296 4004 353 4070 sed
398 4003 515 4069 desunt
546 4005 707 4091 quaedam
746 4004 834 4090 apud
867 4004 1088 4086 Ammonium,

31 4129 96 4176 nanu
129 4109 246 4182 Thom.
275 4111 322 4176 M.
350 4116 389 4176 ol
423 4112 553 4198 legitur.
600 4119 733 4202 Βοηδεϊ
752 4112 808 4196 μὲν
841 4112 858 4178 ὁ
885 4110 987 4180 curuis
1019 4137 1089 4196 τινι,

914 4239 929 4289 6
