2850 4854
453 512 672 572 ..93-

28 688 73 758 κάν
88 689 147 758 καὶ
161 687 300 778 θελητάν
317 684 355 757 osi
370 685 486 759 ταύτόν
502 687 569 756 ἐστι
585 674 653 754 ete.v
671 685 745 769 Sed,
763 687 824 754 nisi
840 685 947 770 fallor,
966 687 1093 754 etiamsi

29 819 118 864 unum
134 797 186 861 vel
199 797 338 864 alterum
353 797 537 883 exemplum
554 797 657 879 magis
675 795 809 861 dubium
823 795 961 878 videtur,
979 802 1091 870 tamen

28 926 113 969 nemo
139 905 277 988 amplius
301 903 472 987 dubitabit,
498 905 576 987 qnin
599 910 632 970 et
655 905 783 990 plenior
806 904 946 970 Eranius
971 911 1004 971 et
1026 905 1091 989 ple·

28 1014 90 1078 nior
114 1007 473 1078 Pseudo-Ptolemaeus
497 1017 531 1075 et
553 1011 680 1097 plenior
701 1011 898 1079 Ammonius
922 1011 1090 1094 fingendus

30 1119 71 1184 sit.
120 1118 341 1186 Nihilominus
371 1116 518 1185 nondum
548 1118 659 1184 omnia
683 1117 857 1202 quadrant,
889 1119 988 1186 immo
1011 1117 1091 1202 ety-

29 1226 152 1309 nologo
169 1227 271 1292 etiam
287 1226 367 1294 alias
385 1224 544 1311 epitomas
568 1225 601 1288 in
624 1231 778 1311 promptu
802 1224 901 1290 fuisse
918 1224 1090 1298 contendo.

29 1333 131 1400 Unum
154 1353 303 1420 propono
328 1330 513 1416 exemplum
528 1331 569 1396 n.
588 1332 627 1402 G.
645 1336 749 1413 86,39
774 1328 877 1419 ἀστὴρ
897 1334 954 1402 καὶ
975 1331 1091 1420 ἄστρον

30 1439 178 1528 διαφέρει,
204 1437 323 1523 ἄστρον
346 1437 406 1525 γάρ
429 1437 514 1506 ἐστιν
537 1435 611 1507 ὅλον
632 1434 666 1504 τὸ
691 1433 816 1522 ddecus,
840 1435 880 1506 τό
905 1433 943 1508 ἐκ
966 1443 1091 1508 πολλῶν

30 1545 164 1634 ἀστέρων
188 1545 388 1634 συνεστηκάς,
421 1540 486 1611 ora
510 1543 638 1632 ἄρκτος,
674 1545 692 1613 ὃ
724 1541 825 1632 ῶρίων
847 1547 903 1612 καὶ
926 1542 964 1614 τά
988 1569 1091 1630 παρα-

9 1635 152 1741 *atteia
182 1650 283 1743 ἀστήρ
315 1655 348 1721 ἀὲ
377 1652 506 1731 ἕκαστος
529 1659 593 1721 τῶν
617 1648 653 1720 ἐν
675 1659 719 1742 τῷ
745 1649 850 1744 ζωδίηι
873 1651 1090 1740 ὑπαρχόντων·

32 1758 65 1837 ἀς
105 1758 180 1830 ὅταν
211 1765 369 1846 λέγωμεν,
409 1757 469 1849 την
502 1758 617 1847 ἄρκτον
650 1757 684 1847 ἐξ
716 1759 856 1847 ἀστέρων
888 1766 1090 1844 συγκεῖσθαι.

9 1866 134 1954 3Amm,
159 1873 201 1932 26
229 1865 353 1954 ’Ἀστρον
382 1869 437 1936 καὶ
458 1863 565 1958 Ἀστὴρ
590 1872 745 1953 διαφέρει.
797 1866 927 1955 Ἀστρον
949 1869 1008 1954 μὲν
1031 1863 1091 1956 γᾶρ

9 1955 90 2042 idm
117 1973 151 2042 τό
184 1973 219 2044 ἑκ
251 1979 380 2044 πολλῶν
411 1977 550 2062 ἀστέρων
575 1980 838 2062 μεμορφωμέννν
872 1971 998 2046 ζῶδιον·
1023 1972 1091 2044 οἷον

33 2079 143 2168 ΙΩρίων,
168 2079 308 2170 Ἄρκτος.
352 2077 639 2167 Ᾰστὴρδὲ,ὃεῖ.
678 2081 732 2150 Pt.
751 2084 791 2148 A.
813 2083 891 2166 §22
915 2103 960 2127 Ξ
986 2090 1090 2154 Amm.

33 2190 119 2256 Eiron.
145 2189 206 2254 Ph.
235 2194 296 2254 155
331 2185 459 2278 ἱᾶστρον
491 2187 637 2274 Ἀστέρος
668 2195 826 2277 διαφέρει.
878 2188 1009 2278 ἄστρον
1031 2191 1091 2278 μὲν

34 2294 83 2384 γάρ
119 2298 185 2365 ἔστι
223 2294 256 2365 τὸ
296 2294 334 2366 ἐκ
364 2301 493 2366 πολλῶν
535 2296 677 2381 ἀστέρων
709 2293 940 2384 σανιστᾶμενον
972 2307 1089 2389 σχῆμα.

34 2401 104 2490 Ἀστά
111 2433 129 2493 ρ
153 2403 201 2489 δέ,
225 2406 242 2474 ὃ
265 2406 453 2497 μονομερης.
500 2407 618 2473 Nullus
643 2407 896 2492 epitomatorum
921 2429 996 2473 oum
1015 2413 1090 2491 nty-

10 2543 12 2598 η
36 2515 153 2598 nologo
178 2521 253 2602 apte
277 2519 435 2600 congruit,
460 2524 574 2582 eontra
597 2540 626 2588 v.
650 2517 744 2583 Eust.
770 2521 845 2601 831,
866 2523 906 2581 10
931 2515 1091 2604 διαφορῶν

10 2607 12 2696 i
37 2625 60 2688 δὲ
74 2621 208 2708 ἀστέρος
222 2629 278 2694 καὶ
301 2624 417 2714 ἄστρον
439 2623 494 2702 τὴν
516 2630 570 2694 καὶ
592 2623 740 2704 ἀλλαχοῦ
763 2632 973 2717 δηλουμένην,
991 2626 1090 2713 Ἑρέν-

37 2758 91 2812 νιος
110 2739 219 2804 Φίλων
232 2739 330 2825 φησὶν
345 2738 380 2804 ἐν
395 2743 438 2826 api
455 2740 528 2824 περὶ
544 2732 708 2823 διαφόρων
723 2741 976 2824 σημαινομένων,
993 2735 1092 2817 λέγων

11 2847 12 2906 i
39 2843 69 2922 ὡς
90 2843 187 2933 ἀστὴρ
210 2845 269 2932 μὲν
292 2845 425 2924 ἕκαστος
447 2851 507 2912 τῶν
530 2845 565 2914 ἒν
587 2855 630 2934 τῷ
654 2844 766 2934 Codro,
794 2844 882 2914 xaod
906 2867 1013 2932 φαμεν
1037 2846 1092 2920 τὴν

38 2949 137 3038 ἄρκτον
168 2951 203 3042 ἐξ
233 2952 372 3041 ἀστέρων
399 2948 502 3021 τόσων
526 2961 727 3038 συγκεῖσθαι·
752 2949 1092 3039 deveneranda»

11 3051 13 3084 ²
39 3059 138 3129 ζάδιον
158 3059 194 3130 τὸ
219 3060 255 3131 ἐκ
278 3068 405 3132 πολλῶν
429 3060 568 3150 ἀστέρων
593 3053 748 3140 συνεστός.
787 3061 870 3140 Inde
894 3061 939 3145 fit,
965 3069 1001 3126 ut
1024 3062 1091 3158 ple-

12 3223 13 3228 ,
39 3169 107 3234 niori
145 3170 191 3236 illi
224 3172 400 3237 Ammonio
434 3178 466 3236 et
495 3172 684 3239 Ptolemaeo
717 3176 749 3235 et
779 3169 904 3238 Eranio
935 3170 1091 3236 accedens
1212 3173 1215 3178 ’

39 3286 158 3359 quartus
187 3280 382 3364 epitomator
413 3279 485 3346 fons
510 3278 725 3362 Etymologiei
758 3276 927 3343 habendus
955 3299 1025 3343 esse
1048 3280 1091 3344 vi-

39 3384 149 3470 deatur,
174 3387 287 3454 similis
312 3389 388 3470 eius,
414 3389 465 3452 oui
489 3387 681 3454 Eustathius
699 3408 759 3452 sua
778 3385 883 3452 debet.
922 3387 997 3454 Iam
1014 3408 1090 3454 vero

39 3515 75 3560 ne
98 3494 209 3560 taedet
230 3503 281 3562 tot
305 3497 528 3582 epitomarum,
555 3495 672 3578 quibus
696 3495 836 3561 fortasse
861 3494 957 3559 etiarn
981 3495 1090 3578 plures

13 3613 14 3698 η
40 3603 144 3667 addere
167 3625 311 3686 cogerer,
336 3603 362 3667 si
386 3609 495 3667 cetera
520 3609 760 3685 perscrutarer3
792 3603 895 3668 immo
919 3622 970 3666 res
995 3601 1091 3667 aliter

13 3711 14 3720 ’
40 3730 61 3773 se
82 3711 201 3775 habeat
223 3732 353 3775 neeesse
377 3717 435 3774 est.
485 3715 527 3775 Et
549 3709 666 3790 hercle,
692 3729 757 3791 quo
781 3710 850 3774 iure
873 3710 904 3773 in
930 3731 968 3778 eo
992 3711 1088 3794 nitor,

40 3826 64 3882 ut
85 3819 311 3886 distinctiones
325 3819 508 3902 Etymologi
533 3817 576 3884 ad
600 3818 758 3903 epitomas
782 3817 958 3886 hodiedum
984 3839 1091 3884 serva-

14 3989 15 4000 *
40 3931 76 3990 tas
100 3925 261 3990 referam?
312 3925 500 3992 Permultas
525 3927 666 3992 extitisse
691 3933 723 3991 et
745 3927 904 3992 interiisse
929 3928 1088 4010 epitomas

41 4034 130 4117 operis
152 4032 355 4098 Herenniani
378 4042 410 4098 et
433 4056 492 4120 per
516 4056 549 4098 se
573 4034 785 4116 intellegitur,
813 4040 845 4099 et
869 4055 932 4098 uno
958 4055 1089 4120 quoque

40 4138 118 4206 huius
154 4141 383 4226 disputationis
421 4143 526 4225 eapite
562 4143 814 4228 comprobatum
848 4147 914 4224 est,
947 4143 1089 4232 itemque
