2850 4854
754 473 974 532 ..63-

336 648 510 714 Ammonio
536 667 741 713 communem
766 653 914 730 spectare
937 647 1041 733 possit
1056 649 1119 734 Ι(τί,
1143 648 1195 713 Pt.
1222 647 1267 712 A.
1294 647 1316 734 ξ
1344 653 1404 732 90;

338 758 374 825 n.
400 753 441 826 e.
466 760 539 838 σοι,
565 760 621 837 12,-
649 758 686 819 Ε.
718 754 766 825 Μ,
792 756 955 842 821‚21)‚
988 795 1030 803 -
1062 756 1125 840 np,
1153 755 1198 826 Η,
1229 761 1291 822 τοι
1326 753 1403 836 σοι

334 871 415 949 βειςτ
509 862 758 951 ,Ἐρατοσθένης
781 858 952 946 τριγώνους
980 861 1080 939 αὐτάς
1109 887 1207 952 φησιν
1241 854 1337 945 εἶναι,
1371 857 1404 929 oi·

333 968 551 1058 τετραγώνους·
583 967 809 1058 ’Δριοτοφάνης
831 970 864 1036 δὲ
886 969 995 1054 ὁμοίας
1012 967 1107 1043 αὐτάς
1123 961 1286 1046 εἶναιτοῖς
1304 968 1403 1056 ἄξοσι,

334 1076 417 1166 πλην
441 1074 496 1146 ὅτι
520 1081 552 1144 οἱ
572 1077 630 1162 μὲν
653 1075 765 1164 ἄξονες
782 1077 906 1162 νόμους,
931 1081 965 1144 αἶ
981 1078 1017 1144 δὲ
1032 1074 1163 1164 κάρβεις
1178 1082 1299 1156 θυσίας
1319 1075 1404 1158 ἔχου-

334 1203 393 1250 σιν·
418 1180 612 1270 ἀμφοτέρων
636 1183 670 1251 δὲ
693 1181 728 1252 τὸ
752 1183 998 1268 κατασκεύασμα
1022 1192 1162 1253 τοιοῦτο·
1195 1189 1351 1252 πλινθίον
1378 1211 1403 1250 τι

333 1291 410 1377 μέγα
443 1298 502 1356 eto.
551 1290 685 1374 Optime
709 1293 849 1360 concinit
880 1314 952 1357 oum
982 1291 1096 1358 Amin.
1125 1297 1164 1356 18
1183 1287 1320 1380 ”Agonen
1354 1293 1403 1358 καὶ

334 1395 470 1481 nonnae
501 1405 719 1484 διαφέρουσιν·
752 1403 784 1466 οἱ
812 1399 872 1482 μὲν
890 1400 1020 1488 ”Αξουες
1043 1387 1123 1487 ἦσαν
1146 1397 1351 1486 τετράγωνοι,
1376 1400 1403 1463 οῖ

335 1505 371 1576 δὲ
391 1503 528 1593 Κάρβεις
548 1513 703 1593 τρίγωνοι·
729 1509 785 1574 καὶ
807 1512 838 1573 οἱ
857 1507 916 1591 μὲν
931 1506 1061 1594 ”Αξονες
1083 1498 1171 1589 εἶχον
1191 1506 1264 1583 τούς
1290 1509 1403 1574 ἰδιωτι-

333 1610 410 1688 κοὺς
425 1609 543 1698 νόμους
565 1614 843 1701 ἐγγεγραμμένους,
867 1619 899 1681 οἱ
921 1614 955 1681 δὲ
979 1614 1115 1700 Κάρβεις
1140 1619 1296 1704 δημοσίας
1324 1617 1402 1694 ἱερο-

334 1721 440 1798 ποιΐας
463 1725 519 1788 καὶ
543 1716 577 1788 εἴ
597 1749 626 1787 τι
642 1720 750 1806 ἕτερον
766 1726 919 1788 τοιοῦτον.
961 1721 1027 1786 Sed
1049 1723 1090 1786 ab
1107 1720 1294 1820 Ammonio·
1303 1727 1400 1785 testes

334 1829 441 1892 omissi
458 1834 541 1910 sunt,
560 1834 592 1892 et
607 1827 706 1893 verba
721 1834 857 1909 mutata,
877 1849 961 1910 quae
977 1829 1064 1911 apud
1080 1829 1284 1898 Herennium
1302 1849 1401 1910 quon-

334 1934 409 2002 dam
432 1935 686 2016 inveniebantur,
713 1933 872 2020 siquidem
898 1934 960 1999 hoo
983 1936 1200 2018 Epimeristao
1228 1937 1300 2000 loco
1332 1956 1400 1998 oon·

333 2042 432 2108 fidere
453 2045 528 2107 licet
551 2043 603 2129 (cf.
626 2043 741 2112 Thom.
763 2041 809 2105 M.
835 2047 891 2128 363
915 2043 954 2111 E.
973 2040 1016 2111 G.
1034 2047 1107 2124 355,
1120 2048 1176 2130 383
1205 2041 1316 2113 Crem.
1338 2040 1398 2104 An.

334 2149 393 2216 Ox.
416 2151 465 2231 ΙΙ,
483 2151 686 2237 455‚15;E.
705 2149 750 2218 M.
770 2153 843 2230 547,
856 2153 915 2236 45;
939 2150 1041 2214 Bekk.
1065 2149 1190 2215 Aneod.
1213 2150 1295 2218 Lex.
1319 2150 1398 2216 rhet.

331 2279 362 2340 p.
390 2261 471 2345 274;
496 2255 615 2340 Synag.
641 2257 702 2324 lex.
729 2257 830 2320 chres.
856 2278 886 2338 p.
912 2260 992 2344 413;
1023 2256 1096 2328 Soh.
1123 2262 1179 2328 Ar.
1204 2257 1268 2323 Av.
1299 2261 1413 2336 13543³

334 2363 408 2436 Soh.
426 2363 491 2448 Ap.
513 2365 621 2432 Rhod.
640 2365 701 2446 IV,
721 2369 784 2429 280
810 2370 860 2428 eto
886 2364 960 2450 eto.)
983 2405 1023 2411 —
1048 2367 1110 2448 Ep.
1130 2365 1177 2430 H.
1195 2370 1259 2430 104
1284 2369 1396 2434 Γεννῶς

331 2477 386 2540 τοῦ
408 2479 500 2540 τίκτω
524 2477 681 2559 διαφέρει·
705 2473 740 2540 τὸ
764 2472 821 2556 μὲν
845 2469 903 2558 γάρ
927 2473 979 2539 ἐπὶ
999 2476 1063 2540 τῶν
1085 2474 1223 2560 α’ρρένων
1239 2471 1396 2552 τάσσεται,

331 2578 366 2648 τά
402 2585 515 2664 γεννᾶν
543 2580 697 2671 δηλονότι,
721 2577 756 2646 τὸ
788 2580 820 2646 δὲ
853 2580 905 2646 ἐπὶ
928 2588 992 2648 τῶν
1015 2584 1176 2670 θηλυκῶν,
1209 2587 1346 2648 τουτέστι
1367 2574 1396 2643 τὸ

330 2693 431 2754 τίκτω·
454 2689 474 2776 ἡ
499 2694 607 2773 μέντοι
630 2684 781 2777 ποιητικὴ
807 2695 918 2776 χρῆσις
941 2688 973 2754 τὸ
996 2694 1108 2756 τίκτειν
1131 2692 1185 2755 καὶ
1208 2696 1326 2773 γεννᾶν
1349 2686 1412 2770 ἐπί

331 2794 475 2882 αρρένων
497 2791 595 2881 μόνον
617 2796 730 2866 τάσσει

418 2909 500 2972 τίκτε
523 2905 556 2989 μ’
582 2903 661 2992 α’νηρ
686 2907 852 2972 πολλοῖσιν
876 2899 1022 2972 άνάνσων
1048 2903 1321 2990 Μυρμιδόνεσσιν.
1411 2887 1412 2898 ¹

422 3011 458 3076 σύ
483 3009 541 3098 γάρ
565 3017 654 3089 τέκες
677 3010 802 3098 ἄφρονα
826 3010 937 3101 κούρη.

424 3116 505 3201 ὤμοι
528 3116 591 3202 ἐγώ
615 3115 824 3204 πανάποτμος
848 3120 916 3187 ἐπεὶ
939 3124 1035 3187 τέκον
1060 3115 1128 3198 υἷας
1153 3120 1299 3206 άρίστους

423 3231 520 3314 Τροίη
545 3225 579 3294 ἐν
603 3225 706 3316 εὐρείῃ

332 3337 392 3402 eto.
418 3339 477 3403 eto.
516 3335 613 3400 Hono
630 3335 870 3400 distinctionem
888 3335 928 3401 ab
945 3334 1126 3402 Ammonio
1146 3337 1303 3404 omissam
1321 3353 1391 3411 esso,
1410 3351 1411 3402 ι

334 3460 405 3508 oum
428 3441 461 3504 in
484 3441 696 3510 Herenniano
721 3465 819 3528 opere
844 3444 993 3525 extiterit,
1021 3464 1119 3528 supra
1144 3427 1411 3508 demonstratum

331 3554 388 3630 est,
406 3548 445 3612 cf.
464 3569 489 3612 o.
503 3549 582 3620 VII.
601 3549 718 3619 Thom.
736 3550 783 3620 M.
802 3555 875 3631 358,
897 3555 935 3614 15
957 3555 1083 3618 Τίκτειν
1098 3558 1211 3638 κυρίως
1228 3552 1280 3618 ἐπὶ
1297 3574 1391 3636 γενναι-

330 3654 395 3732 κὸς·
418 3651 457 3724 τὸ
480 3655 517 3722 δὲ
537 3663 650 3739 γεννᾶν
672 3655 726 3726 ἐπὶ
747 3654 873 3744 ἀνδρὸς,
896 3655 974 3724 too
993 3661 1046 3725 καὶ
1068 3657 1228 3747 γεννήτωρ
1245 3660 1262 3728 ὁ
1279 3651 1388 3744 πατηό.

323 3759 461 3852 Ὅμηρος
477 3762 573 3832 δὲκαὶ
589 3763 641 3832 ἐπὶ
657 3763 772 3847 άνδρός
782 3774 825 3852 τῷ
835 3771 947 3833 τίκτειν
961 3768 1064 3834 ἐνίοτε
1078 3773 1204 3856 χρῆται,
1223 3769 1262 3842 ὡς
1273 3769 1336 3852 ἔχει
1352 3759 1388 3830 τὸ.
1409 3779 1410 3852 J

544 3866 579 3934 ὃν
604 3871 771 3950 άθάνατος
794 3877 897 3940 τέκετο
922 3873 1013 3952 Ζεύς·
1039 3877 1091 3942 καὶ
1113 3877 1162 3945 τὸ.

543 3985 640 4048 τίκτει
661 3978 694 4063 μ’
720 3974 801 4068 άνηρ
825 3985 988 4049 πολλοῖσιν
1012 3981 1168 4052 ἀνάσσων·

331 4084 383 4171 (os.
410 4085 504 4151 Eunt.
533 4089 707 4174 1567,6o;
742 4086 781 4153 Ε.
817 4085 858 4151 G.
893 4093 964 4172 123,
990 4091 1054 4178 10).
1092 4129 1131 4141 -
1165 4095 1225 4180 Ep.
1258 4093 1301 4162 H.
1331 4089 1385 4153 272
