2856 4850
490 457 709 518 -13-

69 630 247 698 admodum
267 631 367 698 dubia
390 634 513 699 tradito
538 655 571 699 se
593 639 698 698 totum
716 632 794 698 dare
811 627 1013 697 dubitaverit.
1052 625 1139 696 Nam

68 762 139 805 cum
179 741 299 806 habeat
330 741 440 810 Amm.
485 747 548 810 124
580 739 750 831 Σταφυλήν
767 789 774 806 .
794 795 801 812 .
820 795 852 812 ..
877 740 1086 828 Ἡρακλείδης
1117 738 1138 806 0‘

66 848 221 936 ἡμέτερος
238 852 344 941 φησὶν,
366 851 663 940 Ἡμαρτῆσθαιθῖο.
688 851 721 914 in
736 850 777 916 Ε.
795 847 842 914 Μ.
862 849 982 929 74n,44
1002 843 1138 929 legitur:

71 956 222 1047 Σταφυλή
231 1005 341 1028 .....
385 958 602 1048 Ἡρακλείδης
634 958 670 1026 δὲ
701 956 821 1049 ἥμαρτε
854 958 934 1045 φησὶ
963 960 1063 1043 λῆγον
1094 957 1139 1030 εἰς

68 1058 188 1150 ὀξεῖαν,
213 1085 317 1149 neque
334 1066 507 1130 temeraria
530 1065 572 1130 sit
587 1065 735 1148 suspicio,
761 1065 787 1128 si
804 1063 874 1149 quis
891 1061 970 1128 illud
986 1062 1137 1152 ἡμέτερος

72 1171 259 1256 corruptela
280 1173 314 1236 in
337 1178 462 1237 textum
485 1173 653 1255 irrepsisse
677 1170 863 1241 contendat.

132 1279 227 1362 Ergo
244 1278 365 1344 talibus
390 1278 589 1344 adminiculis
612 1301 687 1344 usus
711 1279 826 1348 Valcln
851 1298 970 1342 novum
994 1276 1065 1356 sibi,
1083 1275 1138 1362 qui

5 1385 6 1390 ’
67 1392 141 1450 ante
173 1407 247 1450 eum
270 1407 428 1472 nusquam
451 1388 596 1470 gentium
624 1386 694 1467 fuit,
720 1385 930 1452 Ammoninm
957 1383 1050 1449 finxit
1073 1405 1140 1449 sae·

5 1485 6 1488 '
67 1491 129 1556 culi
154 1492 297 1575 secundi,
329 1501 361 1558 et
382 1493 507 1577 hercle,
542 1501 578 1560 ut
601 1501 650 1560 est
672 1493 798 1578 lepidus
823 1499 920 1579 atque
943 1491 1136 1575 ingeniosus,

67 1599 145 1666 idei
164 1607 232 1665 tam
255 1600 337 1665 bone
361 1601 475 1684 cessit,
502 1608 539 1668 ut
561 1601 614 1666 hio
638 1599 832 1666 Ammonius
856 1607 943 1668 stare
966 1598 1139 1672 videretur,

5 1737 6 1772 2
67 1706 132 1773 Sed
165 1706 363 1773 adminicula
395 1730 454 1791 per
485 1729 518 1774 se
545 1708 677 1792 fragilia
704 1731 789 1774 nunc
812 1709 917 1774 lraota
943 1713 1026 1790 sunt,
1059 1704 1140 1770 Am·

67 1815 258 1901 moniusque
297 1815 351 1881 ille
383 1815 697 1900 Valckenaerianus,
738 1838 833 1903 quem
871 1815 932 1880 nisi
968 1815 1002 1880 in
1032 1821 1140 1880 mente

5 1949 7 1972 r
67 1923 295 2020 Valckenaerii
319 1945 384 1989 non
408 1925 550 1992 extitisse
573 1931 664 2008 tene,
696 1924 878 1991 claudicare
902 1929 1000 2010 atque
1023 1921 1138 1988 labare

5 2017 7 2118 ζ
66 2029 195 2113 incipit;
220 2037 329 2096 tamen
354 2053 432 2114 ego,
457 2031 573 2096 finibus
598 2033 718 2098 saeculi
740 2031 835 2116 primi
859 2028 1054 2116 secundique
1078 2029 1139 2094 cir·

5 2121 7 2144 ’
71 2137 306 2220 curnscriptuS,
333 2139 485 2224 quoniam
509 2147 676 2206 auctorem
698 2139 799 2205 libelli
822 2145 897 2204 ante
913 2135 1140 2204 Herodianum

5 2263 7 2316 l
70 2245 187 2310 vixisse
211 2245 290 2309 mihi
312 2247 473 2329 persuasi,
491 2245 533 2311 ad
550 2246 760 2312 Ammonium
776 2245 1006 2312 Fabricianum
1021 2244 1140 2310 reverti

5 2373 7 2456 p
70 2352 203 2435 dubito,
245 2359 278 2417 et
315 2353 492 2438 quamlibet
530 2355 668 2438 invitm,
708 2360 767 2421 aut
799 2352 1010 2420 Ammonium
1047 2351 1138 2417 illum

5 2463 7 2552 i
70 2459 395 2544 Valckenaerianum,
413 2461 564 2527 umbram
586 2461 676 2528 illam
693 2468 790 2548 atque
813 2461 942 2526 inanem
964 2460 1137 2544 imaginem

6 2561 8 2640 l
69 2567 199 2632 saeculo
225 2567 366 2632 secundo
393 2567 648 2652 obtrudendam‚
667 2575 724 2633 aut
747 2569 846 2633 aliurn
862 2574 1028 2635 auctorem
1050 2565 1137 2632 illius

6 2679 7 2758 J
69 2675 186 2739 aetatis
216 2675 437 2759 quaerendum
469 2697 538 2740 esse
570 2675 652 2742 dico.
700 2676 774 2740 Iam
803 2697 880 2742 vero
913 2674 1065 2762 quoniam
1097 2673 1138 2740 de

68 2781 304 2848 Valckenaerio
329 2783 472 2848 nondum
496 2805 629 2866 prorsus
653 2791 761 2850 actum
785 2791 851 2867 ost,
869 2805 954 2849 nunc
977 2782 1136 2866 siplaoet,

67 2889 242 2973 rideamne,
278 2890 354 2976 quid
379 2891 492 2959 Valck.
528 2893 719 2975 profecerit,
755 2915 828 2958 cunr
859 2912 983 2957 summo
1021 2889 1139 2956 ardore

6 2989 7 3008 ¹
71 3020 102 3062 se
120 2997 278 3063 obiiceret
293 2999 341 3080 iia,
364 2999 418 3083 qui
436 2999 476 3064 de
500 2999 562 3064 alio
580 3007 714 3066 auctore
730 3002 962 3083 cogitaverunt.
1008 2997 1138 3082 Operae

6 3089 8 3156 ἶ
67 3106 208 3186 pretinm
233 3111 282 3169 est
315 3105 448 3188 audire,
483 3107 561 3192 quid
592 3108 737 3174 homines
772 3107 859 3174 docti
892 3113 967 3173 ante
998 3107 1137 3177 Valcke-

6 3215 7 3220 ’
67 3212 218 3276 naerinm
252 3211 292 3276 de
324 3213 406 3278 libro
432 3211 651 3281 Ammoniano
684 3215 908 3286 iudicaverint.
955 3213 996 3284 V.
1023 3213 1136 3284 Valck.

66 3319 178 3390 Prael.
194 3342 225 3402 p.
242 3321 338 3385 XXI
357 3323 428 3402 „Ex
445 3343 507 3407 quo
519 3319 627 3404 Aldus
643 3322 811 3388 Manutius
826 3321 971 3388 libellum
988 3328 1136 3388 nostrum

67 3427 126 3492 sub
161 3424 328 3492 Ammonii
359 3429 487 3493 nomine
517 3430 550 3492 in
581 3429 685 3494 lucem
709 3428 827 3511 edidit,
856 3429 981 3512 vulgari
1009 3427 1139 3515 quidem

67 3534 219 3617 opinione
242 3533 436 3600 Ammonius
460 3542 575 3600 auctor
598 3537 660 3602 luit
682 3537 831 3618 habitus3
856 3535 913 3602 sed
945 3557 1011 3601 non
1033 3534 1138 3602 multo

67 3647 144 3723 post
175 3663 273 3725 super
303 3641 367 3706 hac
399 3665 434 3708 re
467 3666 486 3708 a
519 3645 679 3710 nonnullis
712 3644 856 3710 dubitari
891 3649 1042 3727 coeptum
1078 3650 1137 3710 est.
1260 3635 1263 3644 ’

68 3748 131 3816 Vel
155 3750 239 3813 enim
261 3749 421 3814 incertum
445 3758 610 3816 auctorem
635 3773 705 3818 esse
721 3751 944 3834 crediderunt,
962 3750 1011 3816 vel
1027 3750 1138 3818 Philo·

7 3911 8 3922 .
67 3877 208 3937 ponum:
233 3863 418 3943 utramque
431 3860 623 3923 sententiam
642 3859 752 3943 tetigit
767 3859 871 3929 Henr.
896 3856 1081 3942 Stephanus
1104 3859 1138 3924 in
1216 3911 1218 3916 .

67 3961 214 4034 Praefat.
254 3963 297 4028 ad
329 3963 545 4038 Commentat,
585 3965 624 4030 de
657 3964 790 4032 Atticae
829 3965 915 4032 Dial.
956 3965 1137 4040 Idiomatis.

70 4068 293 4155 Suspicionem
310 4071 350 4138 de
365 4071 548 4158 Philopono
572 4073 681 4138 iniecit
696 4074 794 4140 etiam
810 4071 964 4140 Andreas
982 4073 1137 4142 Schottus
