2856 4850
712 417 932 477 ..52-

291 588 354 658 ἅττό
369 589 520 676 ἐμψύχων
535 589 557 680 ἢ
573 587 745 676 γεγονότων
760 589 962 679 πραγμάτων.
1002 592 1114 658 Amin.
1136 597 1207 656 109.
1253 603 1367 678 Παρα-

290 695 371 784 βολή
393 699 450 764 καὶ
473 695 685 785 Παράδειγμα
710 703 868 785 διαφέρει·
908 699 1085 788 Παραβολὴ
1110 701 1169 786 μὲν
1193 697 1257 784 γοίρ
1285 700 1368 766 ἐστιν

290 805 310 892 ἡ
336 807 387 872 οἵα
409 830 442 872 τε
465 811 619 890 γενέσθαι
642 806 696 872 ent
719 811 988 892 παραδείγματος·
1014 803 1091 874 οἷον·

522 913 574 989 Ὡς
598 911 648 979 d’‘'
629 937 681 979 οτε
703 917 749 988 τίς
771 936 804 978 τε
828 909 986 995 δρακοντα
1013 910 1097 982 ἰδών.

218 1061 224 1069 ·
292 1013 503 1103 Παρδδειγμα
527 1017 573 1102 δὲ,
597 1012 761 1102 γεγονότος
785 1015 972 1105 πράγματος
995 1019 1258 1104 δνοιιταράθεσις.
1404 1013 1405 1064 l

532 1117 626 1202 Οἶνος
648 1127 704 1192 καὶ
729 1129 906 1212 Κένταυρον
930 1123 1107 1195 απωλεσεν.

292 1233 409 1300 Omnia
433 1253 517 1318 quae
540 1232 639 1297 habet
654 1233 833 1314 Epimerist
836 1257 864 1314 a,
820 1233 1062 1300 tHerennie
1085 1235 1265 1302 tribuenda
1285 1256 1366 1316 esse,

290 1340 364 1404 inde
389 1347 534 1425 apparet,
568 1339 666 1426 qued,
703 1361 787 1425 quae
810 1340 915 1422 plura,
950 1362 1049 1426 quarn
1073 1341 1161 1426 apud
1183 1341 1365 1408 Ammoni·

290 1471 357 1529 urn,
382 1447 416 1510 in
440 1446 664 1529 Epimerismis
690 1446 848 1528 leguntur,
883 1446 997 1511 Thom.
1016 1448 1062 1513 M.
1082 1455 1187 1532 278‚1
1211 1451 1366 1518 exhibet:

290 1551 495 1643 τιαροὲδειγμα
520 1555 571 1622 ἐπὶ
594 1549 751 1640 ἐμψύχου·
777 1553 943 1642 παραβολὴ
967 1555 1018 1622 ἐπὶ
1033 1555 1172 1644 οέιγύχοο.
1190 1597 1230 1605 --
1253 1559 1365 1623 Unum

292 1664 389 1727 etiam
412 1663 537 1727 illustre
562 1661 740 1743 exemplum
763 1683 958 1746 proponam,
989 1669 1025 1728 ut
1048 1665 1272 1747 Epirneristee
1304 1665 1366 1728 dis·
1404 1679 1405 1770 γ

197 1799 205 1810 ·
290 1771 461 1838 tinctiones
486 1769 528 1833 ed
552 1767 674 1832 sontem
695 1768 775 1832 artis
792 1772 1022 1857 synonymieae
1037 1771 1120 1838 libro
1137 1771 1366 1838 Ammoniano
1404 1771 1405 1838 l

294 1877 475 1944 uberiorem
508 1875 613 1938 redire
646 1875 900 1949 demonstretur,
946 1879 1010 1963 Ep.
1035 1879 1090 1950 Ps,
1117 1883 1179 1943 170
1204 1887 1364 1967 Διαφέρει

291 1983 391 2069 ὕμνος
407 1985 572 2067 ἐγκωμίοι·
598 1983 615 2049 ὁ
635 1979 695 2067 γὰρ
711 1981 807 2068 ὕμνος
832 1987 884 2051 ε’ττὶ
903 1991 987 2054 Θεοῦ
1002 1991 1137 2070 λέγεται,
1162 1985 1196 2054 τὸ
1214 1988 1251 2054 δὲ
1268 1986 1366 2071 ἒγαώ-
1404 1979 1405 2072 l

291 2117 367 2177 μιον
399 2091 450 2158 ἐπὶ
478 2085 669 2172 ἀνθρώπων.
717 2089 826 2161 Αιιιοι,
852 2097 912 2156 139
937 2091 1056 2177 Ὕμνος
1086 2093 1259 2178 Ἐγκιομίοο
1296 2101 1364 2161 δια·

293 2203 395 2284 φέρει·
421 2198 436 2260 ὖ
459 2197 518 2282 μὲν
551 2193 610 2284 γαρ
625 2195 744 2282 Ὕμνος
775 2199 840 2267 ἐστὶ
869 2206 967 2266 θεῶν·
1001 2199 1034 2266 τὸ
1059 2201 1095 2267 δὲ
1118 2199 1289 2288 Ἐγκώμιον
1314 2197 1365 2268 ἀν-
1404 2263 1405 2268 ,

292 2303 443 2394 δρωποιι.
495 2308 556 2390 Ep
580 2308 633 2371 Ps.
670 2312 732 2370 133
770 2312 809 2373 Τι
840 2312 989 2394 διαφέρει
1029 2307 1158 2386 ἔπαινος
1191 2309 1364 2396 ἕγκοιμιοιι;

291 2422 459 2503 Διαφέρει·
494 2416 626 2492 ἔπαινος
657 2415 717 2498 μὲν
742 2441 800 2500 γαρ
825 2415 889 2481 ἐστι
911 2412 1004 2498 λόγος
1027 2423 1105 2500 μίαν
1129 2420 1245 2503 ττραξιν
1270 2419 1364 2502 ἐγκιο-
1404 2435 1405 2478 l

293 2520 431 2608 μιοῖζων,
458 2523 612 2609 ἐγκώμιον
644 2523 678 2590 δε·
709 2521 748 2591 τὸ
778 2519 900 2600 πολλὰς
932 2523 1063 2611 πράξεις
1092 2523 1126 2590 ἐν
1150 2527 1253 2612 ἑαντφ
1277 2549 1405 2608 περι·
1404 2537 1405 2584 l

293 2629 468 2716 λαμβάνον.
508 2630 609 2713 Apud
626 2628 839 2694 Ammonium
861 2631 942 2694 haee
966 2630 1083 2695 desunt
1069 2637 1278 2718 tneque
1252 2639 1363 2697 tamen
1404 2645 1405 2740 γ

294 2741 439 2804 edeet'
401 2747 486 2804 trina
517 2739 729 2802 Herenniene
761 2739 867 2803 aliena
897 2738 1038 2821 fuerunt,
1076 2762 1151 2806 narn
1185 2765 1213 2811 v
1246 2741 1361 2804 Thom
1404 2743 1405 2804 l

293 2848 341 2920 M.
359 2855 441 2937 205;
464 2849 508 2914 ibi
532 2849 572 2914 de
596 2847 728 2915 vocibus
754 2848 896 2927 ἔπαινος,
920 2845 1091 2933 ἐγκώμιον,
1115 2849 1214 2934 ’ῧμνος
1238 2869 1361 2914 earum·

294 2979 356 3042 que
381 2957 561 3022 differentia
593 2958 709 3040 agitur,
757 2957 808 3020 Ex
832 2956 1002 3021 Ammonii
1034 2956 1156 3024 Lexieo
1189 2956 1362 3022 observati·

294 3086 388 3131 onem
424 3064 463 3129 de
493 3087 571 3132 voce
596 3065 725 3141 ἔπαινος
747 3064 947 3128 intercidisse
971 3071 1062 3147 puto,
1033 3065 1139 3149 oet(
1165 3065 1270 3134 Boiss
1296 3061 1362 3127 An
1404 3057 1405 3168 l

295 3169 354 3243 Gr
378 3172 406 3253 I,
442 3178 504 3236 122
538 3173 598 3238 Sub
632 3166 847 3259 „deterrent
875 3170 985 3250 λόγονιι
1018 3169 1213 3258 Ἐπικοι’ρον;
1246 3173 1286 3235 Ε.
1322 3167 1405 3284 ΘΞ

298 3283 372 3362 540,
389 3284 450 3367 423
478 3286 539 3345 ιοο
544 3281 703 3367 ,33,-)

359 3338 512 3474 Neqdet
514 3405 605 3454 amen
630 3389 746 3469 omnia⁷
772 3409 856 3474 quae
880 3388 1123 3468 Epimerista
1104 3411 1142 3451 ns
1168 3387 1292 3451 collect
1270 3383 1361 3450 t10ni-

292 3495 352 3558 bus
369 3495 591 3578 synonymieie‚
618 3516 703 3578 quae
727 3494 833 3558 adhuc
856 3500 1002 3558 servatae
1027 3501 1112 3575 sunt,
1137 3495 1232 3576 plura
1250 3491 1358 3567 habet,

294 3601 336 3665 ad
351 3603 552 3668 Herennium
575 3601 746 3666 referenda
770 3607 854 3682 sunt,
880 3608 912 3665 et
936 3622 1034 3683 saepe
1059 3601 1188 3664 difficile
1213 3601 1261 3664 est
1279 3599 1356 3661 diiu-
1404 3623 1405 3684 γ

294 3708 411 3789 dicate,
436 3716 545 3774 utrum
569 3709 648 3792 quid
664 3709 832 3775 Herennio
855 3707 1063 3772 tribuendum
1085 3709 1139 3789 sit,
1165 3729 1206 3770 an
1231 3706 1271 3770 ab
1296 3702 1356 3786 epi·

292 3823 454 3884 tometore
491 3817 646 3904 quodam,
687 3817 869 3880 forsant
838 3818 935 3880 etiam
975 3817 1063 3881 ab
1055 3839 1125 3899 ipse
1164 3816 1357 3898 Epimerista

293 3925 459 4006 appictum
495 3927 545 3993 eit.
522 3925 709 3990 tUnum
742 3945 958 3990 commemoro
995 3923 1206 4006 loeunr,1rbi
1239 3921 1357 3986 addite·
1404 3959 1405 3982 ;

1404 3983 1405 4012 l

292 4037 437 4097 mentum
460 4054 573 4098 manus
597 4032 787 4117 posterioris
811 4031 987 4099 manifesto
1012 3999 1275 4114 deprehenditur,
1300 4029 1405 4111 Ep
