2856 4850
472 478 692 538 ..⁶15-

117 651 195 716 Hoc
218 659 254 716 ut
278 659 433 738 tanquam
448 653 546 718 dubio
560 675 701 720 vacuum
719 653 904 736 ponendum
923 654 973 732 sit,
992 657 1120 728 tantum

55 757 143 822 abest
156 779 293 844 eamque
307 761 499 824 sententiam
507 767 577 825 tam
584 762 687 826 multa
703 759 903 840 dissuadent,
915 766 951 824 ut
960 781 1021 844 ego
1038 759 1119 841 poti-

54 888 86 930 ns
98 866 132 929 id
152 889 286 950 prorsus
305 868 489 951 negandum
510 877 709 952 osseputem.
744 869 832 934 Nam
848 890 920 932 cum
937 869 1120 932 etiamnunc

55 981 115 1038 tres
159 982 269 1040 extent
304 975 547 1041 distinctionum
582 978 860 1061 synonymicarum
894 975 1118 1055 sullectinum,

57 1103 228 1167 earumque
258 1103 341 1168 quae
364 1083 528 1148 uberrima
553 1091 617 1166 est,
643 1083 810 1148 Ammonii
834 1105 950 1147 nomen
984 1084 1118 1162 iactans,

54 1191 215 1272 profante
238 1191 367 1256 illarum
384 1193 529 1276 quamvis
546 1195 689 1257 tenuium
707 1195 921 1276 epitomaium
938 1213 976 1255 ex
992 1193 1115 1256 maiore

56 1319 147 1379 opere
164 1298 400 1380 sublectarum,
418 1299 533 1384 quibus
558 1301 688 1364 nomina
703 1300 884 1364 Ptolemaei
915 1307 947 1364 et
962 1299 1119 1363 Herennii

56 1405 199 1473 Philonis
223 1407 369 1490 praefixa
394 1414 484 1488 sunt,
511 1407 624 1472 haberi
648 1416 804 1492 nequeat,
831 1408 887 1472 sed
922 1429 976 1471 eas
1008 1407 1119 1470 collec-

55 1515 154 1580 tiones
179 1521 212 1578 et
228 1514 487 1580 Ammonianam
513 1521 545 1580 et
562 1516 808 1580 Herennianam
826 1522 857 1580 et
873 1515 1119 1580 Ptolemaccam

55 1640 106 1702 per
138 1622 246 1686 varias
278 1643 394 1686 luanus
429 1622 605 1702 migrantes
639 1625 866 1707 variarumque
900 1623 1118 1688 mutationum
1159 1671 1162 1674 -

56 1749 143 1794 casus
166 1749 281 1812 passas
306 1727 471 1810 gradatim
495 1729 638 1795 lormam
662 1729 855 1794 hodiernam
888 1729 1030 1793 induisse
1062 1752 1119 1812 pu-

58 1836 188 1902 tandum
224 1838 284 1917 sit,
316 1837 350 1900 in
381 1857 445 1921 qua
476 1844 588 1902 tamen
627 1859 756 1902 summa
793 1837 969 1903 similitudo
1007 1858 1119 1902 esuum

57 1944 280 2009 collectionum
305 1966 512 2010 communem
537 1945 661 2010 fontem
692 1944 865 2010 manifesto
894 1943 1021 2026 prodit,
1055 1943 1116 2006 hoc

59 2075 125 2117 cnm
150 2054 210 2133 sit,
237 2052 420 2134 complures
444 2053 587 2116 rationes
620 2053 795 2134 excogitari
819 2059 972 2134 possunt,
1003 2049 1118 2134 quibus

12 2239 13 2242 Ἴ
59 2158 231 2224 similitudo
267 2157 508 2223 distinctionum
533 2160 828 2224 Eustathianarmn
862 2166 894 2222 et
926 2157 1119 2224 Ammonia-

12 2281 13 2288 ’
57 2290 165 2334 narum
202 2267 348 2336 evaserit,
394 2267 466 2330 Has
502 2267 643 2332 diversas
676 2269 819 2331 rationes
853 2288 1043 2330 cimmerarc
1087 2272 1119 2328 et

12 2401 13 2412 ¹
57 2396 132 2458 quae
157 2396 271 2441 earum
296 2373 337 2438 sit
360 2375 426 2438 veri
451 2375 633 2455 simillima,
653 2375 833 2456 expendere
850 2397 960 2440 meum
977 2395 1042 2437 non
1059 2380 1117 2453 est,

56 2505 146 2564 11111,
172 2483 311 2546 sirecte
336 2504 486 2564 auguror,
511 2483 702 2548 Eustathius
736 2483 858 2548 nullam
892 2482 1117 2546 collectionem

58 2592 290 2674 synonymicam
314 2589 346 2653 in
363 2611 456 2655 usum
476 2589 634 2672 adhibuit,
653 2589 710 2654 sed
728 2612 839 2654 oannes
857 2591 924 2653 eius
941 2589 1118 2654 distinctio-

13 2763 15 2776 ,
59 2719 106 2761 nes
137 2721 177 2762 cx
208 2698 352 2762 fontibus
386 2698 585 2764 secundariis
617 2699 751 2763 haustas
790 2722 859 2762 esse
900 2697 1119 2764 demonstrari

13 2865 14 2870 ,
57 2814 164 2885 potest.
215 2805 344 2870 Tacebo
371 2806 410 2869 de
435 2805 532 2872 Aelio
558 2808 730 2896 Dionysio,¹
754 2829 849 2892 quem
868 2807 959 2872 llust.
987 2805 1118 2887 diligen·

58 2919 101 2976 ter
123 2913 274 2978 manibus
299 2916 456 2996 versavit,
482 2937 643 2999 quemque
668 2938 741 2980 cum
758 2913 939 2980 Ammonio
964 2912 1118 2976 nonnulla

60 3023 239 3087 communia
270 3021 431 3103 habuisse,
458 3045 573 3104 supra,
608 3023 663 3086 ubi
695 3022 734 3086 de
769 3029 877 3086 aetate
910 3020 984 3084 libri
1016 3020 1118 3084 nostri

59 3127 220 3211 disputavi,
232 3127 368 3209 ostendi,
387 3129 502 3192 tacebo
520 3129 559 3192 de
569 3129 734 3194 Pausania
751 3131 805 3214 qui
822 3135 854 3192 et
870 3129 939 3212 ipse
956 3128 1118 3213 quasdam

58 3235 270 3300 distinctiones
301 3235 422 3300 similes
447 3235 576 3300 exhibet
600 3236 652 3323 (cf.
680 3237 771 3301 Eust.
798 3242 872 3318 878,
892 3240 932 3300 21
969 3235 1008 3300 de
1040 3236 1118 3330 aba

59 3337 1118 3435 amamammamaammmamm

58 3447 223 3541 τάπητητες
239 3455 270 3512 11
283 3442 530 3538 ducendisque),
548 3450 663 3514 tacebo
678 3451 718 3514 de
733 3451 924 3516 Herodiano
941 3458 973 3515 et
988 3451 1012 3514 J
1015 3470 1118 3514 carme

58 3555 242 3642 Philopono,
260 3578 399 3642 quorum
423 3557 561 3622 inlibris
580 3556 872 3624 omniaAmmonii
888 3560 995 3642 ὅμοια
1006 3558 1117 3640 paucis

59 3665 189 3748 exceptis
206 3663 382 3728 Eustathio
400 3665 540 3728 invenire
564 3665 666 3746 licuit3
693 3688 822 3730 summa
847 3667 932 3730 enim
962 3666 1118 3730 distincti·

60 3793 147 3838 onum
180 3771 489 3853 Eustathianarum,
514 3772 547 3834 id
578 3772 665 3856 qnod
689 3774 804 3843 Valck.
827 3780 915 3837 recte
940 3773 1116 3856 adnotavit,

59 3879 112 3944 illis
136 3880 288 3962 debetur,
324 3880 378 3964 qui
403 3884 434 3946 oi
457 3885 594 3946 παλαιοί
615 3880 655 3944 ab
682 3902 718 3944 eo
744 3879 902 3944 dicuntur.
951 3879 1017 3946 Sed
1041 3902 1117 3966 quo-

62 3989 149 4054 modo
175 3988 288 4057 Valck.
321 3989 354 4051 in
387 4008 425 4051 ea
449 3988 597 4069 opinione
623 3990 826 4074 acquiescere
850 3989 971 4071 potuit,
996 3996 1032 4053 ut
1062 3989 1117 4066 illo

60 4091 266 4160 Eustathiano
289 4102 371 4163 auset
396 4090 468 4170 coia
491 4094 659 4180 παλαιοὺς,
685 4102 893 4186 σημειοῦνται
924 4101 956 4164 oi
974 4103 1120 4195 'aeduici'
