2850 4854
751 431 971 494 ..ςς-

329 609 493 698 ἐπικουρεῖ
530 610 567 680 δὲ
605 611 623 680 ὃ
656 609 779 701 ἔξωθεν
809 613 855 688 εἷς
883 608 1042 698 βοήθειαν
1073 607 1169 699 ἥκων
1198 612 1253 678 καὶ
1277 631 1402 694 συμμα-

329 729 381 802 χεῖ
400 718 435 787 δὲ
459 719 476 787 ὁ
501 714 657 805 αώτώθεν,
691 720 873 806 ὑπερμαχεῖ
899 717 936 786 δὲ
967 718 985 786 ὁ
1013 714 1162 806 α’δννώτιρ
1186 713 1400 808 χρησιμεύειν,

328 822 443 912 ἀμώνει
475 826 511 894 δὲ
543 824 558 888 ὁ
586 825 666 914 ὑπὲρ
698 832 754 895 τοῦ
787 822 987 904 πεπονθότος
1018 832 1123 904 κακῶς
1154 835 1197 914 τῷ
1228 822 1401 908 δεδρακόσι

327 931 518 1020 μαχόμενος·
542 930 645 1002 πάντα
670 933 828 1002 δὲταῦτα
852 937 908 1002 καὶ
931 930 1000 1002 ώντὶ
1022 941 1161 1021 βοηθεῖν
1184 932 1297 1009 ἅπλῶς
1322 936 1400 1014 λαμ-

328 1039 472 1128 βαίνεται.
504 1039 599 1106 Haeo
624 1040 737 1109 ultima
753 1042 903 1112 Thomae
929 1041 1030 1110 verba
1046 1043 1072 1106 si
1088 1040 1265 1108 Ammonio
1283 1037 1399 1118 addas,

328 1150 440 1216 omnia
461 1155 550 1214 reete
574 1170 608 1213 ee
631 1149 784 1222 habeant,
830 1151 986 1218 Forsitan
1019 1150 1127 1218 omnia
1158 1148 1216 1215 illa
1240 1153 1399 1230 cognatae

328 1256 572 1339 significationis
603 1257 702 1322 verba
734 1264 832 1324 antea
860 1281 924 1324 uno
953 1265 1062 1322 tractu
1091 1257 1246 1322 distinete
1276 1256 1399 1321 fuerim

327 1385 507 1452 eorumque
531 1386 570 1433 ex
594 1365 677 1432 serie
700 1388 766 1433 vox
789 1366 949 1452 ἐπαμῦναι
972 1365 1181 1446 interciderit,
1208 1366 1259 1430 cui
1274 1363 1398 1429 rationi

327 1472 583 1558 haudquaquam
608 1473 804 1559 obloquitur,
830 1475 919 1562 quod
935 1475 1134 1562 Epimerista
1159 1455 1220 1537 eibi
1241 1495 1310 1540 non
1329 1493 1399 1538 con·

328 1587 410 1663 stat,
435 1580 492 1647 sed
515 1604 567 1647 res
590 1583 684 1648 nimis
716 1591 766 1649 esi
797 1584 905 1666 dubia,
939 1605 1039 1666 qoam
1070 1588 1107 1646 ut
1137 1581 1263 1663 longius
1292 1581 1331 1642 in
1364 1599 1399 1640 eu

327 1691 448 1754 morari
477 1711 598 1776 operae
629 1691 670 1755 sii
694 1693 842 1777 pretium.
873 1690 926 1778 (of.
959 1691 1060 1760 Euan.
1085 1689 1146 1759 Ph.
1174 1693 1251 1776 1593
1283 1687 1326 1752 E.
1359 1683 1396 1752 G.

327 1799 381 1881 47,
413 1803 451 1880 8;
491 1798 531 1870 E.
565 1799 613 1866 M.
644 1807 696 1884 86,
719 1800 787 1885 49),
824 1839 864 1846 -
899 1799 962 1884 Ep.
995 1798 1041 1868 Η,
1070 1801 1132 1860 347
1167 1793 1262 1883 Παρώ
1297 1803 1396 1862 Θῖναῑ

422 1903 568 1990 αἰγιαλὸς
599 1905 659 1993 μὲν
691 1901 747 1976 οὗν
782 1913 882 1995 κοινῷ
910 1903 1042 1993 ὀνόματι
1077 1902 1201 1992 εἴρηται
1236 1906 1292 1971 καὶ
1331 1902 1396 1968 ἔστι

326 2010 414 2096 παρὰ
450 2020 486 2079 νδ
525 2006 598 2082 αἶαν
637 2012 727 2100 ἐγγὺς
756 2013 834 2092 dede
865 2014 959 2098 ἔχειν·
1001 2013 1067 2097 ἔχει
1099 2011 1137 2080 δέ
1168 2009 1328 2097 διαφορᾶς
1361 2010 1394 2090 γ’.

327 2113 423 2210 ώκτην
442 2122 498 2188 καὶ
513 2128 592 2190 θῖνα
615 2125 667 2190 καὶ
687 2128 833 2215 ῥηγμῖνα·
851 2120 929 2210 α’κτη
947 2123 1006 2208 μέν
1030 2117 1084 2188 οὖν
1107 2122 1227 2210 εἴρηται
1244 2118 1262 2182 ὁ
1279 2110 1412 2202 πετρώῃ

328 2229 386 2318 δης
418 2227 576 2312 αἲγιαλός,
616 2230 704 2317 παραὶ
738 2228 772 2298 τὸ
798 2225 957 2310 ἄγννσθαι
993 2233 1047 2298 καὶ
1085 2233 1230 2296 κλᾶσθαι
1261 2227 1331 2295 ἐκεῖ
1359 2215 1412 2310 ud}

329 2328 464 2418 πώματα·
488 2338 546 2404 θὶν
570 2337 585 2398 ὃ
610 2337 716 2415 εὔδιος
739 2340 795 2406 καὶ
818 2337 935 2426 ἥσυχος
958 2333 1111 2423 αἰγιαλός·
1143 2332 1231 2422 παρὰ
1255 2333 1293 2403 τι)
1317 2323 1412 2416 urnii

328 2438 482 2533 γαλήνης
506 2447 563 2512 καὶ
599 2453 753 2536 νηνεμίας
789 2444 892 2515 ἐκεῖσε
928 2445 967 2514 τώ
1007 2444 1131 2530 κύματα
1167 2438 1393 2511 ἀποτίθεσθαι·

328 2551 444 2640 ῥηγμὶιν
460 2550 530 2620 δὲὸ
554 2545 635 2640 πρδς
659 2554 781 2640 ἄνιμεν
804 2550 949 2639 αἰγιαλὸς
972 2550 1059 2640 παρὰ
1084 2548 1117 2619 τὸ
1141 2543 1319 2638 ῥῆσσεσθαι
1334 2548 1397 2614 ἐπεῖ

326 2653 364 2722 τὰ
388 2653 529 2741 κδματαε
553 2659 663 2728 Amm.
682 2668 700 2726 9
725 2662 819 2726 nimis
842 2681 948 2745 pauca
971 2659 1085 2727 habet:
1106 2655 1206 2726 Ἀκταὶ
1228 2660 1284 2724 καὶ
1303 2665 1394 2728 Θῖνες

329 2766 545 2851 διαφέρουσιν.
587 2768 694 2836 Ἀκταὶ
716 2767 776 2855 μὲν
800 2763 860 2855 γάρ
882 2771 961 2835 εἰσιν
986 2771 1018 2836 οἱ
1035 2763 1208 2854 πετρώδεις
1229 2762 1321 2831 τόποι
1343 2768 1393 2846 τῆς

328 2866 508 2962 θαλάσσης.
551 2882 646 2953 Θῖνες
663 2875 709 2960 δέ,
735 2882 767 2945 oi
782 2872 960 2962 α’μμώδεις.
1002 2875 1106 2945 Eram.
1124 2871 1184 2936 Ph.
1206 2875 1267 2935 161
1285 2867 1392 2938 Ἀκταδ
1410 2873 1411 2952 η

329 2975 389 3059 μὲν
414 2982 447 3046 οδ
468 2977 640 3068 πετρώδεις
656 2982 745 3051 τόποι
762 2984 794 3052 ἒν
810 2989 850 3073 τῇ
865 2979 1026 3071 θαλάσση.
1075 2989 1170 3058 Θῖνες
1186 2979 1230 3064 δὲ,
1248 2982 1279 3046 οῖ
1293 2981 1390 3061 alyru—
1410 2963 1411 3047 δ

328 3087 388 3151 δοῖ.
444 3085 552 3154 Multo
582 3089 678 3174 plura
701 3092 859 3156 Herennii
884 3091 974 3174 operi
997 3090 1103 3172 priseo
1128 3085 1302 3154 tribuenda
1327 3101 1390 3152 esse

329 3188 534 3262 demonstrat
563 3196 617 3269 Pe.
641 3196 684 3260 A.
712 3199 730 3282 ξ
758 3202 799 3262 14
827 3199 929 3266 Ἀκταῖ
961 3203 1021 3283 μέν
1054 3200 1134 3264 εἰσιν
1162 3200 1194 3263 οἱ
1223 3191 1392 3280 πετρώδεις

327 3294 437 3368 τόποι·
452 3310 686 3389 παρακείμεναι
714 3314 750 3390 τῇ
778 3301 942 3394 θαῖώσση,
974 3302 1038 3373 α’πὸ
1078 3312 1133 3372 τοῦ
1165 3303 1329 3388 ἄρνυσθαι
1358 3301 1410 3363 τὰ]

325 3402 451 3493 κύματα
474 3420 542 3488 ταῖς
566 3417 695 3500 πέτραις
720 3409 1021 3502 προσαρμοζόμενα·
1049 3420 1145 3489 Θῖνες
1162 3410 1205 3494 δὲ,
1231 3415 1262 3478 οἱ
1284 3400 1410 3494 α’μμώκ

328 3521 395 3594 δεις
418 3520 567 3602 azymum
613 3520 708 3584 Haeo
731 3521 952 3604 Epimeriotae
986 3520 1147 3584 distinctio
1182 3519 1292 3605 aliqua
1322 3495 1410 3581 cumi

330 3624 437 3706 specie
461 3627 528 3690 veri
550 3632 622 3692 tota
644 3627 687 3694 ad
710 3629 917 3694 Herennium
941 3627 1111 3694 Philonem
1133 3626 1248 3691 referri
1275 3629 1385 3713 potest.

327 3730 382 3815 (of.
405 3729 480 3804 Soh.
496 3733 537 3804 Il.
556 3733 644 3818 Lipa
664 3747 689 3803 Α
707 3741 790 3817 316;
815 3737 855 3807 Ε.
874 3735 915 3801 G.
934 3739 1009 3817 452,
1030 3739 1086 3816 163
1112 3735 1152 3806 Ε,
1168 3734 1216 3808 Μ.
1235 3739 1308 3817 651,
1329 3730 1386 3816 33).
1408 3809 1409 3812 Ἴ

327 3878 369 3888 -
405 3841 468 3925 Ep,
509 3842 554 3906 H.
597 3846 663 3906 434
696 3849 905 3928 Χαλκοχίτών
941 3844 978 3930 (Α
997 3842 1092 3929 371);
1249 3848 1386 3926 διαφέρει

324 3942 420 4034 χιτών
453 3952 509 4018 καὶ
540 3953 733 4034 χιτωνίσκος·
778 3948 825 4019 δτι
856 3951 907 4019 ἐπὶ
943 3949 1002 4036 μὲν
1034 3954 1094 4017 τοῦ
1124 3950 1241 4038 α’νδρδς
1271 3956 1409 4035 λέγεται,

326 4053 430 4141 χιτών,
456 4057 506 4125 ἐπὶ
529 4055 567 4125 δὲ
588 4062 645 4146 τῆς
668 4056 816 4142 γνναικδς
831 4065 1021 4143 χιτωνίσκος.
1061 4059 1263 4143 Epimerista
1278 4059 1383 4136 locum,
