2856 4850
691 439 944 521 'aeo-

304 637 338 702 iu
359 659 492 702 numero
535 637 749 720 epitomarum
787 635 997 700 fundamento
1032 635 1145 717 operis
1169 633 1378 698 Herenniani

305 746 475 810 nitentium
519 743 703 809 habendum
743 766 820 808 esse.
885 741 1010 824 Quodsi
1048 763 1167 808 nomen
1205 739 1375 804 Ammonii

303 853 390 918 iusta
421 875 493 917 cum
527 873 626 918 causa
654 853 797 934 positum
830 857 887 931 est,
922 849 984 914 hoc
1007 849 1147 916 fortasse
1171 870 1287 914 nomen
1311 848 1376 912 fuit

261 984 264 990 ’
306 959 525 1043 epitomatori,
552 960 720 1041 suspiceris
745 959 838 1040 illius,
872 959 926 1044 qui
951 979 1030 1039 opus
1055 957 1299 1022 Herennianum
1324 979 1373 1020 se·

305 1067 445 1133 cundum
468 1067 637 1131 literarum
662 1065 806 1130 ordinem
831 1065 1011 1132 adornavit.
1060 1061 1139 1146 Quis
1164 1064 1217 1126 ille
1239 1062 1377 1132 Ammo-

303 1176 375 1240 nius
399 1175 506 1257 fuerit,
532 1172 663 1256 quando
688 1174 813 1254 vixerit,
839 1173 918 1236 nihil
942 1172 984 1236 ad
1008 1194 1068 1254 me,
1095 1171 1152 1235 sed
1175 1195 1275 1236 unum
1298 1193 1376 1254 pro-

303 1283 373 1350 fero
402 1283 520 1364 locum,
555 1282 610 1367 qni
639 1281 841 1345 demonstrat
873 1278 1084 1345 Ammonium
1118 1278 1280 1362 quendam
1309 1281 1375 1342 arti

304 1392 532 1474 synonymicae
566 1410 698 1471 operam
731 1387 871 1470 dedisse,
914 1395 950 1452 ut
988 1386 1125 1451 eundem
1158 1383 1373 1454 Ammonium

304 1500 394 1581 operi
436 1497 648 1562 Herenniano
692 1495 835 1559 studium
878 1495 1043 1558 navavisse
1087 1492 1218 1556 credere
1262 1493 1371 1556 liceat.

232 1683 234 1688 ,
304 1607 423 1675 Zonar.
450 1611 563 1688 350,4
596 1603 660 1690 (ed.
687 1602 815 1687 Tium.)
846 1590 942 1674 αὖτις.
977 1599 1084 1668 πάλιν.
1122 1589 1220 1676 αὖθις
1249 1600 1284 1666 δὲ
1317 1603 1373 1668 dui

303 1718 360 1781 τοῦ
389 1715 417 1780 H
446 1719 594 1802 σημαίνει
623 1713 658 1780 τὸ
684 1711 820 1797 ὕστερον,
856 1710 897 1786 ὡς
930 1709 947 1776 ὁ
973 1707 1149 1793 Ἀμμώνιος
1174 1708 1207 1774 ἐν
1230 1713 1274 1795 τῷ
1297 1714 1374 1794 περὶ

304 1821 424 1906 ὁμοίων
440 1823 494 1888 καὶ
511 1819 677 1906 διαφόρων
700 1823 816 1906 λέξεων
839 1823 894 1884 τοῦ
917 1820 1081 1884 πολιτικοῦ
1098 1815 1264 1900 triponiae
1280 1814 1371 1884 Πλά-

302 1953 400 2004 τωνος
423 1925 649 2013 διαλαμβάνει·
686 1927 751 1990 Hic
774 1925 863 1989 locus
889 1947 965 1990 casu
989 1924 1065 1988 mihi
1090 1924 1215 2005 obtigit,
1242 1945 1318 1986 nam
1340 1925 1374 1986 in

302 2034 423 2116 Indice,
450 2035 505 2120 qui
522 2033 610 2116 apud
627 2033 851 2098 Tittmannum
868 2035 1032 2098 Zonaram
1050 2033 1206 2118 sequitur,
1232 2032 1374 2098 omissus

304 2147 362 2212 est,
400 2141 522 2224 Alium,
555 2162 619 2226 quo
644 2140 810 2205 Ammonii
834 2141 1030 2223 synonymici
1054 2140 1220 2224 scriptoris
1245 2141 1368 2203 mentio

303 2247 371 2331 fiat,
396 2248 512 2332 locum,
537 2249 654 2332 partim
677 2249 904 2330 grammaticos
922 2253 954 2310 et
969 2245 1225 2329 lexicographoS,
1251 2247 1374 2328 partim

301 2355 421 2419 indices
444 2377 634 2439 percurrens
658 2357 763 2419 inveni
786 2355 918 2424 nullum.
959 2355 1077 2439 Itaque
1099 2375 1168 2435 ego,
1195 2353 1248 2438 qui
1265 2359 1373 2418 totam

302 2469 440 2528 mentem
474 2463 516 2530 ad
548 2465 687 2548 primum
710 2464 799 2529 illum
825 2470 991 2529 auctorem
1016 2463 1175 2545 applicavi
1198 2483 1305 2548 neque
1331 2462 1372 2525 de

303 2571 570 2656 epitomatorlbus
588 2595 674 2655 cure,
700 2572 911 2640 Ammonium
935 2575 1068 2638 missum
1089 2572 1182 2655 facio,
1210 2573 1372 2658 quoniam

302 2677 342 2742 de
367 2701 406 2745 eo
431 2681 510 2745 certi
535 2681 614 2766 quid
638 2683 739 2746 statui
761 2703 857 2764 posse
882 2681 1029 2764 despero.
1068 2682 1121 2746 Ac
1144 2704 1185 2746 ne
1209 2681 1248 2745 de
1267 2680 1373 2746 Sime-

302 2806 363 2850 one
387 2787 528 2874 quidem,
553 2790 613 2854 nisi
647 2790 734 2873 quod
767 2813 848 2873 epus
881 2792 939 2856 sub
964 2794 1031 2856 eius
1057 2792 1183 2857 nomine
1207 2791 1369 2856 traditum

302 2895 440 2976 epitome
465 2897 569 2979 operis
593 2897 796 2964 Herenniani
820 2906 878 2981 est,
904 2922 964 2983 me,
991 2901 1070 2984 quid
1089 2901 1228 2982 amplius
1247 2899 1370 2980 dicam,

301 3003 382 3066 scire
412 3005 577 3086 profiteor.
631 3006 747 3092 Neque
783 3029 889 3074 meam
922 3009 1141 3090 ignorantiam
1176 3007 1254 3071 mihi
1286 3008 1366 3072 vitio

302 3109 415 3176 datum
439 3113 478 3176 iri
501 3120 591 3196 puto,
618 3114 799 3180 deliberans
823 3116 862 3186 L,
887 3117 1059 3199 Allatium,
1086 3119 1141 3200 qui
1164 3118 1197 3179 in
1213 3115 1372 3180 Diatribe

301 3240 362 3285 sua
389 3219 423 3283 id
451 3219 511 3283 sibi
543 3224 722 3304 proposuit,
760 3229 795 3288 ut
827 3245 936 3288 omues
962 3225 1127 3291 Simeones
1153 3233 1371 3307 enumeraret,

302 3325 341 3390 de
375 3326 524 3393 Simeone
566 3351 817 3414 synonymorum
860 3335 1015 3416 scriptore
1052 3334 1131 3397 nihil
1167 3343 1372 3416 compertum

302 3433 431 3505 hebere.
487 3434 634 3504 Transeo
665 3440 763 3521 igitur
797 3441 839 3504 ad
872 3441 1097 3508 Ptolemaeum
1126 3439 1370 3512 Ascalonitam.

300 3543 373 3607 Iam
397 3565 474 3611 vero
499 3564 570 3610 cum
595 3545 762 3630 hucusque
785 3547 864 3611 nihil
888 3548 966 3611 milri
988 3551 1214 3632 proposuerim
1246 3551 1306 3613 nisi
1334 3561 1371 3615 ut

300 3650 502 3717 Herennium
522 3655 695 3736 genuinum
709 3676 778 3718 esse
796 3662 964 3723 auctorem
973 3656 1240 3740 demonstrarem,
1258 3667 1370 3724 cetera

301 3765 334 3823 et
364 3761 397 3823 in
422 3783 459 3844 eo
483 3761 635 3846 nitentur,
668 3770 703 3828 ut
727 3763 809 3829 haec
839 3766 928 3832 novis
958 3767 1157 3846 argumentis
1185 3766 1368 3852 firmentur,

301 3873 333 3932 et
356 3868 445 3932 viam·
464 3872 621 3954 aperient,
657 3894 754 3956 quom
782 3880 1019 3957 persequantur
1048 3897 1177 3940 necesse
1210 3883 1275 3959 est,
1312 3881 1368 3961 qui

300 3981 332 4039 et
354 3975 531 4046 Ammonio
564 3986 596 4044 et
619 3980 733 4043 ceteris
757 4001 866 4044 rerum
891 3981 1040 4046 similium
1065 3984 1277 4066 scriptoribus
1303 4007 1368 4050 me-

301 4082 408 4148 delam
433 4085 530 4152 affere
555 4088 697 4170 cupiant.

726 4270 938 4278 ἡὴ..-
