2856 4850
418 467 636 528 ..55-

16 643 73 709 nolo
88 645 120 706 in
140 642 246 708 dubiis
263 643 407 708 haerere.
426 642 480 728 (of.
498 643 539 712 Ε.
557 641 598 708 G.
617 647 691 725 473,
709 647 768 723 473
793 643 834 713 E.
847 642 894 706 Μ.
911 647 986 726 656,
998 642 1066 729 25).

18 789 45 795 -
65 750 128 836 Ep:
145 751 202 814 Ps.
223 758 263 816 69
285 757 325 819 Τί
340 753 487 838 διαφέρει
509 749 659 838 βασιλεὺς
682 756 830 837 κοίρανος
850 756 905 818 καί
922 751 1067 837 proptia·

17 866 161 946 Διαφέρει·
187 861 336 939 βασιλεὺς
351 859 411 944 μὲν
433 865 558 939 λέγεται
573 860 588 922 ὁ
605 863 708 948 ἑανιρῖ
731 856 787 946 τὴν
808 859 907 947 ἀρχὴν
923 883 1066 942 περιποι-

18 965 141 1050 ιίμινος,
176 973 326 1054 κοίρανος
360 967 394 1036 δὲ
418 969 435 1034 ὁ
461 965 541 1054 πρὸς
571 965 684 1051 καιρὸν
711 971 772 1035 τοί
796 971 951 1045 βασιλέως
976 966 1067 1052 ἔργον

17 1075 164 1159 ἐντελῶν,
205 1074 331 1162 ἡγεμών
364 1074 398 1141 δὲ
430 1075 444 1135 ὃ
476 1081 530 1166 τῆς
564 1073 726 1162 στρατείας
757 1071 944 1164 ἡγούμενος.
1002 1075 1066 1158 Ep.

17 1181 54 1250 a.
78 1189 138 1247 168
174 1189 323 1269 διαφέρει
353 1181 503 1260 βασιλεὺς
535 1179 686 1270 ιιίραννος
717 1188 771 1252 καὶ
793 1190 951 1271 κοίρανος·
976 1190 1065 1262 βασι·
1118 1256 1122 1262 ,

16 1289 70 1365 isio
90 1296 151 1374 μέν
178 1291 260 1356 ἐστιν
284 1291 302 1358 ὁ
327 1288 539 1378 ε’ξοοσιασιὴς,
563 1293 618 1358 καὶ
632 1289 712 1359 κατα
735 1290 853 1376 νόμους
877 1287 983 1377 ἄρχων
1007 1294 1067 1358 τῶν

19 1395 199 1481 ἀρχομένων·
225 1393 379 1484 τύραννος
403 1397 438 1466 δὲ
464 1401 481 1468 ὁ
507 1395 613 1487 ἀλόγῳ
638 1399 760 1486 ἐξουσία
784 1395 965 1484 αιἰιονόμας
987 1393 1067 1485 χραί-

16 1529 90 1584 ίιιιος
119 1508 181 1572 καὶ
212 1497 288 1582 τοὺς
311 1501 427 1590 νόμους
452 1505 597 1575 ἐκποδών
620 1512 733 1574 ποιῶν·
756 1513 905 1595 κοίρανος
929 1505 966 1574 δὲ
988 1505 1066 1573 κατὰ

17 1611 106 1696 καιρόν
129 1637 204 1679 τινα
229 1599 346 1700 (ippum
375 1611 477 1700 ὥσπερ
503 1615 689 1701 στρατηγὸς,
722 1617 775 1681 καὶ
797 1619 916 1697 ιάχέας
941 1633 1066 1701 στρατη-

18 1714 102 1806 γήσας,
134 1721 195 1788 καὶ
219 1725 277 1809 τῆς
302 1721 401 1810 ἀρχῆς
426 1721 673 1809 παραλοόμενος,
728 1722 789 1803 Ea,
823 1743 907 1808 quae
937 1721 1067 1803 Epime-

19 1826 77 1889 rista
113 1849 147 1908 p.
187 1833 227 1892 69
264 1827 378 1909 habet,
423 1829 510 1911 apud
554 1828 666 1895 Amin.
700 1851 731 1912 p.
767 1835 808 1892 28
850 1827 1064 1892 inveniuntur.

8 1931 120 2002 ,Contra
145 1957 234 2018 quae
257 1935 459 2020 Epimerista
481 1961 512 2020 p.
540 1943 601 2002 166
626 1937 739 2019 habet,
771 1936 918 2000 inlibris
948 1935 1066 1999 uostris

18 2044 213 2126 synonymicis
247 2041 373 2113 dosunt.
442 2043 491 2108 At
518 2045 626 2110 Amin.
663 2050 725 2109 138
756 2044 823 2126 agit
862 2043 902 2107 de
934 2041 1066 2111 vooibus

17 2149 148 2236 τύραννος
176 2156 208 2215 et
230 2145 381 2229 βασιλεύς
404 2153 465 2234 ita,
497 2159 534 2218 ut
558 2153 731 2234 distinctio,
766 2173 848 2234 quae
872 2172 942 2216 esse
973 2149 1067 2215 debe·

8 2253 64 2348 tot,
107 2258 205 2340 desit,
240 2259 340 2324 Eran.
375 2259 435 2323 Ph.
464 2265 528 2324 174
560 2268 670 2326 autem
700 2259 847 2346 τίραννοι
879 2281 899 2323 a
925 2263 1068 2338 βασιλεῖς

18 2361 190 2430 distinctum
222 2366 321 2432 fuisse
354 2366 491 2450 videtur,
525 2367 581 2432 sed
612 2367 682 2432 aliis
711 2367 818 2432 vertis
854 2372 953 2454 atque
980 2365 1068 2448 apud

18 2469 246 2553 Epimeristam.
299 2473 450 2557 Apparet
488 2474 602 2557 igitur,
642 2475 675 2538 in
713 2474 775 2538 hao
814 2494 1069 2558 synonymorum

8 2581 78 2674 saie
101 2580 271 2666 quaedam
296 2604 335 2648 ex
360 2582 510 2664 epitomis
527 2583 646 2647 nostris
664 2582 829 2664 excidisse,
856 2603 940 2666 quae
959 2581 1067 2648 nescio

19 2708 47 2748 ιιι
65 2689 94 2751 in
122 2709 224 2772 opere
247 2689 406 2753 Herennii
431 2691 571 2772 genuino
606 2691 787 2773 extiterint,
821 2711 926 2772 neque
960 2694 1069 2756 tamen

8 2797 115 2878 *onnia
144 2817 232 2878 quae
249 2797 465 2878 Epimeristae
490 2803 574 2879 sunt,
592 2798 759 2862 Herennio
784 2796 928 2862 tribuere
951 2795 1066 2876 audem

8 2899 59 2963 'sod
72 2903 175 2970 libere
199 2926 250 2966 me
273 2903 335 2968 hae
358 2907 391 2969 in
414 2928 449 2970 re
473 2905 553 2970 nihil
578 2907 659 2971 scire
682 2905 845 2989 profiteor.
872 2903 926 2990 (of.
951 2903 1004 2968 Pt.
1022 2901 1067 2973 A.

8 3013 30 3088 it
48 3015 98 3096 523
135 3011 242 3080 nrm.
266 3011 325 3076 Ph.
355 3017 435 3100 1633
460 3013 499 3077 n.
527 3011 568 3084 o,
595 3017 668 3094 537,
686 3017 747 3098 4⁷3
773 3016 846 3092 105,
866 3016 928 3098 233
952 3009 1067 3080 Thou.

8 3101 49 3178 u.
78 3124 128 3200 59,
166 3123 206 3206 63
245 3120 339 3192 nusi,
375 3125 468 3202 isio,
503 3119 535 3206 s)
582 3118 676 3207 [sun
708 3123 781 3200 eso,
815 3124 850 3206 a;
898 3116 973 3184 och.
1005 3116 1066 3182 Aa

8 3221 81 3316 duh.
106 3224 176 3314 61].
202 3266 243 3274 -
916 3301 918 3306 ,

8 3339 9 3432 t
66 3333 164 3399 Nune
187 3335 279 3399 venio
304 3335 347 3398 ad
371 3357 424 3400 eas
449 3335 664 3418 Epimeristae
688 3333 909 3398 distinctiones
934 3353 1068 3417 synony-

8 3439 113 3522 ἰαίνει,
138 3465 279 3528 quarum
294 3465 335 3506 ne
351 3444 517 3508 minimum
535 3441 666 3528 quidem
683 3442 852 3524 vestigium
868 3443 900 3504 in
918 3440 1068 3523 epitomis

8 3543 228 3640 fflerennianiS,
256 3573 335 3636 quas
360 3572 445 3614 nuno
468 3551 636 3632 habemus,
654 3548 830 3631 Ammonii‚
847 3549 972 3630 Eranii,
990 3547 1068 3615 Pto·

8 3643 112 3720 'lrnaei
137 3657 326 3723 nominibus
353 3659 486 3740 signetis
514 3665 626 3726 extare
650 3657 763 3739 video,
783 3656 950 3742 oriturque
972 3677 1067 3738 quae·

21 3763 74 3844 dio,
97 3788 177 3830 num
203 3787 261 3829 eae
291 3765 333 3828 ad
356 3767 601 3830 Herennianum
633 3788 714 3848 opus
747 3765 917 3848 genuinum
944 3765 994 3830 vel
1025 3764 1067 3828 ad

24 3869 165 3948 [territam
200 3873 267 3936 eius
293 3874 396 3954 operis
423 3865 584 3954 epitomen
611 3871 782 3937 referende
806 3872 879 3943 sint.
919 3874 988 3954 Ego
1005 3870 1067 3936 hoo

22 3993 105 4062 neque
130 3979 362 4044 affirmaverim
386 4001 490 4065 neque
513 3980 707 4060 negaverim.
756 3977 921 4062 Quoniam
954 3985 1065 4045 autem

21 4087 135 4169 vestigia
159 4086 455 4154 additamentorum
480 4086 520 4151 ab
544 4088 711 4152 Herennio
742 4087 923 4155 alienorum
956 4093 1067 4155 extare
