2856 4850
477 1438 510 1508 Ι.
534 1439 586 1508 llo
610 1439 807 1524 Ammonlt
831 1444 894 1528 qui
918 1443 1069 1525 dicitur,
1093 1443 1203 1511 libro.

307 1566 409 1635 (Praei.
425 1567 525 1623 Valck.
546 1569 699 1623 secundum
719 1568 761 1624 ed.
782 1567 857 1637 Lips.
878 1573 971 1622 cetera
992 1569 1145 1622 secundum
1159 1569 1201 1623 ed.
1214 1568 1376 1638 Lugd=Bat

770 1658 914 1727 citantur.)
1329 1667 1337 1683 ‘

373 1782 510 1850 Librum
534 1784 784 1868 synonymicum,
816 1805 911 1866 quem
935 1789 1010 1867 post
1033 1783 1259 1852 Valckenaerii
1284 1784 1376 1849 editi·

308 1913 402 1956 onem
425 1890 484 1956 sub
508 1889 674 1955 Aminonii
698 1891 827 1956 nomine
851 1891 885 1954 in
907 1911 1000 1954 usum
1024 1911 1140 1954 vocare
1169 1891 1282 1971 solent,
1315 1893 1376 1956 tali

308 1997 505 2080 condicione,
532 1997 620 2081 quali
636 2021 721 2063 nunc
744 2004 841 2080 extat,
867 2018 932 2061 non
955 1997 1137 2080 profectum
1161 2019 1230 2062 esse
1249 1997 1290 2063 ab
1316 2020 1366 2081 eo,

310 2107 365 2190 qui
398 2107 521 2190 primus
551 2105 772 2171 collectionem
801 2105 916 2170 horum
949 2105 1016 2170 fere
1045 2105 1294 2188 synonymorum
1323 2107 1372 2169 in-

304 2213 426 2296 stituit,
468 2213 613 2280 homines
648 2212 735 2278 docti
766 2212 861 2292 facile
894 2211 955 2276 sibi
987 2211 1238 2294 persuadebunt.
1293 2213 1375 2296 Ipse
1426 2291 1427 2294 Ἴ

304 2320 420 2391 Valok.
470 2320 579 2392 Praei.
618 2343 649 2404 p.
691 2321 776 2392 XII.
816 2322 882 2386 tale
922 2323 1113 2405 suspicatur,
1154 2343 1226 2386 oum
1265 2321 1372 2387 dicat:

304 2478 322 2511 „
336 2477 449 2500 .....
474 2450 647 2512 persuasus
665 2451 745 2512 sum,
763 2428 974 2494 Ammonium
990 2428 1116 2526 lexicon
1132 2430 1372 2514 conscripsisse,

303 2535 391 2620 quod
408 2535 520 2602 dicunt
544 2535 676 2606 ἄτακτον
701 2544 741 2620 et,
760 2559 840 2620 quas
857 2537 967 2620 tradit,
985 2537 1156 2604 verborum
1174 2536 1373 2604 differentias
1425 2579 1426 2636 p

302 2645 336 2708 in
361 2651 466 2710 certas
490 2645 597 2728 potius
623 2645 743 2710 classes
761 2645 954 2728 disparasse,
979 2666 1084 2728 neque
1100 2643 1202 2708 ullam
1218 2644 1373 2710 habuisse

304 2751 424 2817 ordinis
458 2753 625 2818 literarum
658 2753 828 2823 rationem.
873 2752 1027 2834 Primum,
1061 2752 1214 2835 quoniam
1237 2753 1264 2818 is
1288 2753 1372 2818 ordo

304 2859 460 2928 Veterum
492 2866 652 2944 repugnat
686 2859 919 2941 consuetudini,
950 2858 1066 2924 deinde
1096 2859 1197 2924 libelli
1220 2867 1370 2926 naturae.
1424 2877 1425 2882 ’

303 2964 419 3048 Adde,
453 2965 541 3050 quod
574 2967 687 3032 eadem
723 2987 820 3050 saepe
854 2974 1040 3049 recurrant,
1080 2989 1164 3050 quae
1196 2967 1369 3033 manifesto

301 3074 490 3139 recentioris
530 3096 641 3140 curam
679 3073 833 3157 produnt,
876 3075 930 3156 qui
968 3074 1106 3157 lectoris,
1147 3082 1183 3140 ut
1221 3075 1380 3158 putabat,
1423 3067 1424 3143 i

302 3180 525 3246 commoditati
548 3182 667 3246 servire
688 3180 834 3246 voluerit.
876 3181 1101 3246 Clarissimum
1119 3182 1258 3266 denique
1274 3182 1371 3248 huius

300 3289 349 3353 rei
372 3296 597 3372 argumentum
614 3311 652 3354 ex
667 3287 995 3354 Animadversionum
1012 3296 1195 3354 nostrarum
1211 3291 1258 3361 ΙΙ,
1276 3311 1302 3354 o.
1320 3291 1369 3356 X.
1422 3341 1423 3382 ἦ

301 3397 373 3480 oapi
405 3395 553 3480 poterit.“
609 3395 686 3460 Hoc
718 3396 751 3458 in
784 3397 967 3461 universum
998 3396 1045 3461 ita
1077 3417 1156 3479 esse,
1191 3405 1227 3462 ut
1251 3398 1370 3470 Volcis,

300 3504 377 3587 vult,
403 3503 484 3570 adeo
510 3510 558 3568 est
580 3504 614 3567 in
637 3502 821 3586 propatulo,
847 3511 883 3568 ut
900 3525 1003 3587 aeque
1020 3504 1188 3570 molestum
1205 3513 1237 3571 et
1252 3507 1369 3572 inutile

300 3613 349 3694 sit,
368 3610 408 3676 de
422 3612 484 3676 hac
498 3632 534 3676 re
550 3610 652 3674 fusius
669 3631 775 3692 agere.
807 3611 896 3694 Ergo
910 3610 990 3675 haec
1007 3611 1251 3680 Vaolckenaerii
1265 3614 1367 3679 verba
1421 3621 1422 3649 l

299 3724 406 3783 mente
431 3713 542 3782 tenens
566 3717 695 3799 perlege
718 3715 942 3800 Ammoniurn;
975 3719 1040 3784 noli
1068 3726 1239 3802 praeterea
1262 3721 1369 3803 negle-

300 3848 384 3909 gere,
410 3823 498 3910 quod
521 3823 691 3906 nonnullis,
717 3830 753 3888 ut
776 3847 860 3889 nunc
882 3848 915 3890 se
932 3825 1062 3909 habent,
1087 3827 1175 3908 locis,
1202 3827 1367 3892 distinctio
1420 3869 1421 3901 r

299 3935 514 4018 synonymica,
542 3953 626 4016 quae
655 3953 724 3998 esse
751 3931 870 4015 debuit,
896 3933 1115 4015 desideratum
1130 3919 1159 3999 ‘v
1183 3942 1224 4000 29
1249 3930 1365 4023 Βάρις,

297 4039 457 4126 Βάσανος,
470 4045 641 4109 Βασκαίνω
653 4042 697 4106 44
705 4044 795 4131 Δίκη,
810 4044 852 4106 46
862 4028 1059 4128 Δωροδοκίᾶ,
1075 4046 1115 4106 65
1125 4047 1242 4129 Ζῆλος,
1257 4040 1367 4129 Ζήλου
1419 4085 1420 4153 l
